3567 5550
817 680 1068 751 ..12-

401 882 535 950 cumque
566 858 660 925 modo
688 859 755 922 oris
784 863 941 926 extremis
973 860 1051 924 lune
1079 871 1190 924 notata
1211 870 1271 924 est.
1316 857 1488 945 Sequentis

400 964 465 1030 loci
482 967 513 1043 6,
534 960 584 1026 84.
608 963 766 1044 scripture
787 958 891 1024 adhoc
913 964 1035 1027 incerta
1056 971 1119 1040 est,
1143 961 1294 1044 quoniam
1312 960 1353 1025 de
1376 962 1486 1026 rnelio-

400 1067 488 1131 ribus
516 1062 609 1128 libris
629 1060 710 1126 nihil
737 1073 871 1125 constat.
915 1061 1016 1129 Wulr.
1038 1084 1110 1125 cum
1132 1059 1281 1124 omuibus
1304 1083 1383 1128 sene
1404 1062 1487 1126 alte·

399 1167 467 1229 rius
488 1163 599 1239 classis
619 1162 780 1227 codicibus
801 1161 948 1247 scripsit:
992 1170 1073 1225 Sunt
1090 1174 1282 1239 tempestates
1304 1175 1334 1224 et
1352 1164 1488 1236 fetuum

398 1274 486 1331 clarc
509 1272 663 1341 cauenda,
688 1270 768 1337 Quid
779 1264 900 1338 fuciunt
919 1276 949 1326 et
969 1285 1032 1343 quo
1051 1272 1090 1325 de
1109 1284 1206 1325 causa
1227 1283 1356 1342 cumque
1375 1267 1487 1341 feran-

397 1382 467 1445 ειη·
489 1380 563 1429 ante
584 1385 656 1429 eum
675 1361 772 1445 vulgo
793 1360 949 1427 edebatur
963 1386 1112 1444 quaeque.
1152 1362 1219 1425 Sed
1238 1384 1431 1443 quocumque
1450 1374 1487 1426 de

398 1490 496 1531 causa
515 1469 586 1531 siue
607 1462 707 1529 dubio
729 1473 803 1548 apte
826 1462 877 1527 hic
901 1463 965 1529 dici
985 1466 1098 1552 potuit,
1121 1466 1309 1548 praesertim
1328 1465 1357 1526 si
1375 1467 1487 1528 memi-

398 1568 503 1644 neris,
537 1566 722 1630 Lucretium
749 1562 935 1649 plerumque
956 1563 1085 1649 plures,
1125 1563 1286 1627 interdum
1309 1564 1390 1628 adeo
1410 1586 1486 1649 per-

398 1656 515 1733 multas
536 1667 678 1729 rationes
700 1664 872 1742 invenisse,
893 1665 1008 1750 quibus
1030 1663 1158 1749 singula
1170 1677 1313 1728 meteone
1328 1663 1486 1748 explicari

397 1778 547 1857 possent,
566 1766 723 1851 simulque
746 1786 841 1830 verae
854 1762 1025 1849 eligendae
1042 1767 1203 1850 optionem
1219 1764 1356 1828 dedisse.
1377 1763 1486 1831 Haud.

397 1871 468 1956 ipse
490 1869 600 1933 vertit:
642 1874 775 1929 occultato
796 1875 918 1943 inuecti,
954 1865 1163 1931 nihilominus
1185 1886 1312 1945 cumque
1336 1863 1483 1944 absolute

397 1973 537 2055 positum
559 1989 630 2032 esse
651 1987 793 2031 censens.
838 1964 987 2029 Tandem
1007 1967 1196 2030 revertimur
1216 1965 1258 2029 ad
1277 1986 1351 2027 eum
1370 1964 1487 2041 locum,

398 2068 485 2133 unde
504 2067 641 2152 proiecti
662 2086 791 2144 sumus,
829 2064 884 2129 ubi
905 2068 934 2129 si
956 2066 1074 2130 verbor
1118 2087 1199 2145 puae
1218 2074 1341 2129 demant
1358 2088 1486 2147 eumue

397 2180 531 2235 dotorem
553 2164 792 2251 significarent:
815 2188 880 2227 toas
901 2176 960 2229 den
982 2175 1129 2230 Schmcrz
1149 2174 1320 2243 domoocpt
1333 2174 1483 2244 consume,

398 2283 434 2335 ut
455 2267 565 2334 Hand.
587 2266 710 2342 reddit,
742 2264 857 2329 melius
880 2289 901 2329 a
923 2267 1078 2332 Lucretio
1099 2270 1251 2351 scriptum
1271 2266 1355 2329 foret
1375 2253 1484 2347 quem-

397 2395 457 2453 pue
483 2378 625 2433 dolorem.
668 2365 733 2431 sed
767 2370 895 2447 cumque
917 2389 983 2431 non
1013 2370 1117 2453 magis
1141 2367 1193 2429 hic
1214 2365 1255 2430 ab
1278 2365 1413 2430 relativo
1434 2388 1484 2428 se·

394 2470 596 2555 jungendum
620 2480 687 2545 est,
728 2488 822 2551 qinom
844 2468 877 2529 in
901 2472 1016 2534 ceteris
1040 2470 1080 2533 de
1102 2470 1217 2553 quibus
1237 2466 1374 2531 vidimus
1395 2465 1485 2531 locis.

399 2580 522 2649 Pauca,
555 2588 763 2647 quaecumque
785 2586 861 2629 saue
884 2568 1075 2633 insolentius
1097 2569 1215 2630 dictum
1237 2566 1338 2630 videri
1361 2580 1483 2652 potest3

397 2690 509 2736 verum
528 2665 585 2732 illa
607 2667 750 2752 quamvis
771 2688 889 2749 pauca,
918 2690 998 2753 quae
1018 2666 1191 2754 magnifico
1209 2668 1293 2732 vitae
1315 2669 1483 2754 apparatui

399 2784 620 2858 opponuntur,
652 2766 767 2832 multus
798 2781 905 2832 tamen
932 2783 965 2834 et
995 2774 1100 2835 verius
1128 2793 1181 2834 res
1198 2768 1483 2853 comprehendunt,

399 2895 480 2960 quae
500 2873 596 2936 etiem
619 2872 652 2933 in
673 2867 809 2952 simplici
839 2883 871 2933 et
894 2887 1030 2954 anguste
1050 2875 1115 2936 vita
1137 2873 1267 2936 minime
1288 2871 1402 2936 deesse
1424 2871 1484 2936 de-

396 2974 494 3052 bent,
529 2973 589 3036 nisi
615 2968 692 3032 inde
715 2969 807 3033 dolor
835 2973 904 3035 sive
929 2971 1100 3038 molestum
1120 2971 1249 3037 illerum
1269 2994 1376 3036 rerum
1395 2972 1484 3037 desi-

397 3075 522 3140 derium
556 3073 710 3134 oriturum
743 3073 792 3134 sit
837 3068 945 3145 Quare
978 3075 1083 3136 omnis
1103 3093 1214 3136 earum
1246 3093 1370 3136 summe
1399 3073 1482 3138 bene

399 3170 676 3258 comprehenditur
696 3170 816 3236 verbis:
836 3195 1044 3254 quaecumque
1065 3183 1189 3236 demam
1207 3182 1347 3236 dotorem
1390 3175 1482 3239 Haec

398 3289 473 3341 suut
494 3272 736 3337 enuncietornrn
758 3271 966 3341 relativorum
989 3271 1155 3357 exemplu,
1195 3273 1309 3358 quibus
1341 3277 1482 3358 partiou-

396 3376 449 3441 lce
477 3394 604 3453 cornuue
633 3370 810 3436 absolutum
841 3397 935 3438 usum
971 3373 1136 3440 vindicare
1157 3372 1369 3450 studuerunt,
1398 3397 1481 3460 quae

396 3489 504 3540 temen
527 3493 546 3533 a
566 3469 700 3557 reliquis
720 3471 820 3549 locis,
850 3475 904 3539 ubi
927 3499 1053 3556 curmae
1072 3473 1112 3538 ab
1134 3472 1269 3539 relativo
1291 3497 1348 3560 per
1366 3478 1482 3542 tmesiu

397 3575 591 3658 disjunctum
612 3585 678 3650 est,
702 3595 815 3638 revera
835 3575 919 3640 nihil
938 3577 1099 3641 differunt.
1143 3573 1180 3638 ld
1202 3574 1287 3659 quod
1305 3577 1408 3660 magis
1426 3601 1484 3662 ap-

396 3672 525 3761 parebit
546 3670 674 3736 colletis
695 3672 839 3757 ejusdem
861 3680 971 3742 tmesis
996 3676 1082 3763 opud
1100 3676 1288 3741 Lucretium
1310 3676 1481 3762 exemplis,

398 3776 439 3840 dc
461 3773 575 3859 quibus
601 3794 694 3836 nemo
723 3796 872 3860 umquam
894 3776 1070 3852 dubitavit,
1103 3776 1181 3862 quin
1201 3773 1356 3861 particule
1374 3774 1420 3839 ibi
1440 3776 1483 3840 ed

399 3874 570 3942 relativum
600 3877 778 3958 pertineam
815 3875 901 3941 undo
927 3877 1023 3940 simul
1052 3878 1207 3962 cognosci
1233 3887 1355 3960 potest,
1388 3896 1482 3961 quern

398 3976 519 4042 usitata
537 3971 585 4036 illi
595 3971 693 4037 fuerit
704 3997 743 4040 en
756 3974 911 4062 loquendi
928 3978 1022 4040 retis.
1035 3976 1154 4058 2,404.
1175 3999 1257 4057 poce
1272 3990 1483 4057 emarcetquc

399 4097 514 4161 aspere
534 4094 662 4152 unumne
687 4085 837 4144 cruenter.
859 4078 936 4143 865.
957 4100 1038 4159 cuce
1057 4087 1171 4143 sordre
1190 4083 1326 4138 uidemus
1346 4097 1482 4157 compre.

400 4181 432 4257 3,
454 4178 527 4242 953.
547 4195 627 4256 quoe
653 4178 777 4252 fructus
801 4201 931 4261 cumque
958 4202 1000 4244 es.
1025 4182 1117 4243 1088.
1147 4181 1243 4240 Acrae
1260 4188 1482 4259 postmortem,

399 4289 588 4360 quaerentur
604 4297 740 4357 cumque.
760 4279 795 4355 4,
815 4282 892 4342 248.
915 4285 987 4344 282.
1008 4284 1109 4356 Aera,
1132 4283 1186 4354 put·
1204 4283 1284 4340 iuter
1304 4297 1483 4356 secumque

400 4387 627 4457 cstcouloepuc
647 4387 772 4441 locatus.
795 4375 867 4438 8⁷1.
887 4397 969 4454 puae
988 4385 1055 4439 tccc
1076 4397 1204 4456 cumque
1224 4384 1360 4441 Pereunt
1374 4383 1483 4438 hutno-

400 4501 474 4546 rene.
499 4477 615 4554 5390.
634 4482 800 4559 quantuli
812 4478 1105 4556 mmtpucfemctur.
1126 4474 1201 4542 56⁷.
1224 4485 1333 4560 peribus
1348 4484 1483 4556 ceputtie
