3567 5550
774 952 819 1015 X.

339 1090 413 1165 Non
435 1094 538 1161 solum
562 1116 642 1180 quae
664 1092 766 1159 oculis
790 1096 961 1173 ceruimus,
983 1095 1155 1161 sedetiam
1173 1089 1255 1181 (puae
1269 1117 1345 1161 con·

257 1196 389 1279 cipimus
413 1198 539 1276 animo,
571 1194 732 1280 Epicurus
754 1191 904 1258 tenuibus
926 1195 1122 1280 imaginibus
1144 1192 1227 1261 effici
1249 1211 1345 1280 puta·

254 1297 432 1379 vit,3quue
455 1316 579 1382 semper
607 1294 647 1361 ab
669 1297 748 1378 ipsis
781 1292 877 1359 rebus
900 1294 1096 1361 recederent.
1138 1295 1344 1361 A‘csinrilem

256 1406 399 1459 naturam
423 1397 463 1463 iis
484 1396 665 1461 simulacris
694 1392 825 1468 tribuit,
859 1393 974 1478 qnibus
995 1418 1052 1480 per
1067 1404 1223 1461 somnum
1246 1400 1344 1461 animi

257 1494 422 1559 homiuum
443 1494 654 1560 lacessuntur.
675 1495 722 1557 Ee
734 1494 908 1559 Lucretius
927 1494 1044 1581 &⁷⁵42
1066 1496 1119 1561 bis
1133 1496 1240 1562 verbis
1253 1497 1345 1562 dicit:

342 1605 407 1659 Nec
427 1604 546 1661 ratione
566 1602 648 1674 atto,
671 1616 764 1675 quom
783 1616 919 1659 conotus·
930 1604 1067 1659 menstra
1079 1602 1255 1682 proritent,¹

338 1704 430 1759 Mene
449 1704 545 1758 animi
563 1703 682 1775 cinitot,
706 1705 768 1759 nisi
788 1706 870 1777 prend
887 1706 1057 1759 &mulcere
1076 1707 1234 1775 lecmsunt

338 1804 426 1859 ilaec
446 1806 553 1859 cadem
572 1810 693 1861 nostroe
713 1799 846 1877 enim,
867 1818 950 1877 puae
969 1820 1060 1876 quem
1077 1806 1257 1876 ceptionem.-
1277 1806 1293 1850 ἲ

341 1903 446 1977 Usque
464 1905 542 1959 arico
543 1930 556 1975 ,1
580 1909 714 1961 certent
735 1905 896 1959 videamur
916 1920 1042 1961 cernere
1064 1921 1148 1979 enm,
1170 1923 1270 1981 punct·
1308 1908 1333 1937 ·'

338 2004 471 2063 Reddite
489 2010 552 2063 vcta
568 2001 639 2072 jam
660 2018 741 2061 neers
762 2010 792 2061 et
807 2010 898 2061 terra
914 2008 1012 2076 poma
1031 2006 1085 2063 ert.
1108 2045 1112 2055 ,

255 2104 322 2159 n'tcr'
342 2107 423 2177 quent
443 2096 572 2181 reposui
594 2116 653 2186 pro
676 2096 792 2161 vitiose
813 2098 972 2181 scripture
992 2100 1028 2162 iu
1052 2098 1130 2162 Brit.
1146 2098 1175 2162 1.
1193 2104 1255 2161 niet
1269 2121 1344 2179 qna,

255 2219 348 2281 quam
361 2195 492 2261 Wekei.
512 2194 597 2265 mele
613 2200 748 2283 recepit3
770 2218 829 2261 nec
850 2201 955 2283 megin
976 2199 1146 2263 ferendum
1164 2197 1344 2277 essedum,

255 2296 341 2382 quod
364 2294 460 2380 paulo
480 2296 566 2359 inire
586 2293 706 2380 legitur
721 2304 842 2359 redden
858 2306 936 2376 cuc,
958 2317 1148 2381 quemquem
1168 2299 1203 2360 iu
1214 2299 1345 2382 optimis

255 2418 292 2459 nc
315 2416 417 2480 paene
438 2393 586 2459 omnibus
604 2390 700 2459 libris
713 2408 779 2460 est.
823 2392 1018 2478 interpretes
1038 2396 1125 2460 eniiu
1141 2416 1238 2480 quum
1258 2399 1345 2482 epud

254 2495 404 2561 Plautum
426 2494 474 2559 bis
495 2496 765 2579 terrerentiquaur
787 2495 888 2557 futuri
910 2495 1045 2559 formum
1061 2502 1186 2559 reddite
1197 2519 1258 2581 pro
1271 2510 1346 2563 reri·-

254 2607 324 2659 dnm
347 2596 559 2673 invenissent,
580 2593 711 2658 verbum
732 2604 855 2659 reddire
870 2592 938 2657 ‘sibi
957 2592 1140 2668 finxerunt,
1163 2596 1249 2679 quod
1269 2619 1346 2681 per.

254 2698 396 2782 ticipinm
416 2705 552 2759 reddens
571 2692 728 2779 producte
744 2692 852 2757 littera
871 2702 883 2755 t
904 2692 1044 2756 fonnere
1065 2694 1175 2778 possit.
1201 2693 1344 2761 Omnino

255 2799 287 2860 in
306 2795 489 2880 antiquiore
510 2814 657 2860 sermone
677 2793 822 2858 futurum
844 2802 977 2877 quiartee
995 2795 1233 2878 conjugationis
1249 2798 1283 2859 in
1295 2805 1345 2861 tto

256 2894 441 2968 desinebam
465 2915 562 2978 quere
580 2893 707 2958 facilius
726 2892 793 2957 illis
816 2891 991 2974 crederem,
1014 2895 1042 2956 si
1062 2893 1344 2981 unumodopree·

257 3008 302 3058 ter
320 2993 404 3058 iliud
424 2995 564 3060 tunnam
586 2994 691 3060 iorme
710 2993 925 3058 demonstrari
945 3005 1071 3078 postet,
1104 3006 1250 3060 reddendo·
1270 3019 1345 3063 ver·

258 3090 329 3156 burn
361 3095 402 3157 iis
428 3095 660 3160 accensendum
686 3113 777 3173 esse,
813 3117 898 3180 quoe
926 3097 1044 3180 partim
1073 3097 1200 3160 tertium
1226 3102 1343 3183 purtim

259 3207 404 3278 quertsur
425 3197 684 3282 conjugationem
702 3207 886 3281 sequautur,
910 3196 1009 3274 veluti
1018 3207 1108 3274 perte
1112 3243 1125 3276 ,
1147 3199 1345 3282 cujusverbi·

256 3293 395 3357 futurum
421 3303 530 3372 parebo
559 3309 668 3360 exstat
688 3317 737 3380 ep.
760 3291 953 3381 Noniunrp.
979 3298 1054 3374 508,
1080 3297 1107 3362 1.
1136 3298 1194 3361 ,At
1214 3309 1344 3364 reddere

257 3413 346 3478 quum
370 3415 390 3456 n
404 3403 481 3458 darc
501 3394 629 3460 ductum
651 3397 704 3473 sit,
727 3415 791 3457 nou
812 3393 964 3458 credibile
986 3409 1044 3458 est·
1056 3399 1089 3458 iu
1105 3412 1248 3480 quartem
1264 3418 1327 3481 quo

256 3514 313 3577 quc
334 3496 596 3580 conjugationem
617 3497 792 3578 migremur
818 3493 881 3559 sed.
899 3494 1001 3559 multo
1021 3495 1245 3574 verisimilius,
1267 3508 1349 3562 ree,

255 3600 319 3656 dieo
348 3593 468 3658 dictum
498 3613 571 3657 esse
601 3615 659 3677 pro
681 3601 831 3674 ruditate,
869 3607 905 3657 ut
926 3617 947 3656 a
968 3595 1001 3657 in
1021 3605 1034 3656 c·
1055 3598 1219 3661 transierit
1241 3599 1341 3663 simili

256 3694 348 3760 modo
368 3709 403 3759 ut
424 3696 458 3758 iu
479 3694 665 3779 compositis
678 3693 851 3760 verborum
871 3693 1022 3774 habendi,
1042 3697 1171 3780 agendi,
1193 3697 1342 3774 cudendi,

255 3795 426 3876 tangendi,
459 3794 602 3872 intendi,
637 3793 785 3861 faciendi.
830 3790 1033 3880 Quapropter
1053 3802 1162 3862 nescio
1185 3818 1226 3860 en
1247 3797 1368 3864 suu.

255 3893 323 3958 rius
353 3893 393 3957 de
422 3893 503 3958 decl.
525 3908 557 3958 et
586 3901 672 3982 conj.
703 3895 758 3962 let.
780 3895 1012 3982 p.1d9.recte
1041 3897 1224 3980 suspicatus
1246 3900 1308 3977 sit,
1329 3910 1367 3963 ἑἰ

256 3994 286 4056 iu
308 4001 430 4058 rennes
451 4017 515 4061 non
536 3997 793 4081 producendum,
816 3979 873 4060 sed
888 3993 1126 4080 corripiendum
1141 4017 1224 4064 esse.
1248 3996 1341 4074 Quae

256 4114 349 4178 quum
371 4095 417 4156 ite
437 4097 517 4176 sint,
541 4119 600 4164 nec
621 4096 758 4182 emplius
780 4097 820 4161 de
841 4095 1011 4181 participio
1032 4104 1187 4180 redditus,
1211 4097 1345 4183 qualem·

256 4191 394 4258 editores
421 4192 483 4258 sibi
512 4196 695 4277 finxerunt,
728 4197 866 4283 cog-iteri
895 4192 1030 4273 debeat,
1062 4195 1205 4264 Lucretii
1241 4193 1340 4260 verbu

258 4297 435 4360 necessario
456 4297 649 4381 corrigenda
669 4311 752 4364 sunt.
775 4301 908 4364 Factum
929 4295 992 4361 boc
1006 4299 1078 4380 jem
1097 4300 1130 4361 in
1141 4296 1234 4363 codd.
1244 4296 1339 4362 Poor.

258 4405 288 4456 et
302 4394 402 4475 Ceut,
422 4395 479 4482 qui
497 4403 571 4460 eder·
589 4397 755 4478 exhibent,
776 4401 953 4467 mutatione
969 4397 1068 4475 incili,
1086 4398 1247 4461 sententie
1262 4418 1339 4462 vero

260 4490 405 4571 ubscure3
438 4519 497 4564 nec
528 4495 630 4582 pluris
658 4500 857 4566 aestimande
888 4510 963 4564 suut
990 4496 1090 4561 Fabri
1120 4509 1153 4560 et
1180 4496 1337 4566 Gronovii
