3567 5550
863 697 1115 771 ..34-

959 936 1032 1007 vn.

531 1078 633 1147 Paulo
661 1074 825 1145 diffieilior
852 1074 943 1162 iocur
966 1076 999 1139 in
1027 1076 1121 1139 exitu
1142 1070 1219 1137 libri
1241 1073 1376 1140 reeuudi
1397 1086 1471 1155 eat,
1508 1091 1544 1139 et

448 1179 655 1247 anounullir
682 1178 764 1245 adeo
793 1177 1002 1261 desperatae,
1034 1188 1071 1239 ut
1094 1190 1201 1261 aptum
1226 1186 1259 1239 et
1279 1175 1449 1259 puiohrum
1470 1174 1542 1239 Lu·

447 1281 582 1345 oretiani
604 1282 753 1345 oermioir
773 1292 918 1345 tenorem
940 1299 1004 1343 uon
1020 1276 1116 1342 aliter
1137 1296 1232 1361 quera
1250 1274 1398 1341 verbibus
1415 1274 1543 1361 aliquot

448 1382 563 1465 ejeotia
582 1401 712 1445 servare
740 1402 837 1467 posse
858 1378 920 1443 eibi
945 1379 1141 1444 viderentur.
1180 1371 1285 1448 Quem
1306 1376 1476 1444 rereoandi
1498 1375 1543 1439 ii·

449 1482 605 1558 rentiam,
626 1479 683 1545 ubi
704 1479 881 1544 renaudum
902 1477 980 1556 suit,
1004 1498 1192 1563 quemquam
1214 1478 1411 1541 recentiores
1431 1476 1540 1541 edito·

448 1602 521 1659 rer,
549 1593 586 1643 ut
608 1577 716 1644 multia
743 1578 817 1644 aliia
843 1582 876 1643 iu
910 1577 1009 1655 looir,
1044 1580 1092 1643 eie
1117 1578 1170 1642 hio
1192 1592 1281 1644 reete
1308 1590 1538 1651 eoereuemnt3

449 1678 583 1745 multum
605 1693 712 1744 tamen
735 1679 843 1757 ebert,
863 1691 900 1743 ut
919 1693 1020 1744 toturn
1041 1678 1146 1743 iorum
1167 1680 1201 1743 in
1220 1681 1380 1763 integrum
1397 1680 1465 1761 jam
1485 1697 1541 1739 re·

449 1782 620 1846 stituerint.
660 1776 726 1865 lpai
746 1792 853 1845 eutem
874 1799 944 1845 rem
963 1779 1200 1865 impeditiorem
1219 1778 1365 1843 ieeerunt
1380 1798 1431 1854 eo,
1450 1775 1539 1863 quod

448 1882 717 1966 praestantiorum
736 1880 881 1946 oodioum
903 1883 1126 1946 anctoritatem
1148 1900 1251 1965 paene
1269 1878 1361 1944 nihili
1375 1879 1427 1943 hio
1441 1878 1540 1942 aeeti-

449 1992 624 2045 maverunt.
669 1980 858 2046 Tenendum
880 1995 949 2061 eat,
972 2002 990 2043 e
1012 1978 1160 2047 Lucretii
1180 1981 1333 2066 opinione
1354 1981 1538 2045 universum

448 2100 558 2145 reram
579 2093 725 2147 naturam
748 2083 783 2145 in
803 2084 898 2167 pejus
907 2080 1053 2157 flectere,
1074 2083 1207 2166 ejusque
1223 2082 1307 2147 viret
1319 2079 1418 2164 longa
1428 2090 1539 2143 aetate

449 2177 603 2264 paulatim
627 2181 749 2265 frangi,
783 2204 829 2247 ex
854 2194 947 2269 perte
969 2180 1051 2245 adeo
1074 2185 1144 2265 jam
1163 2182 1281 2247 fractas
1301 2201 1384 2245 esse.
1427 2179 1539 2243 Doru-

450 2291 560 2343 mento
582 2299 654 2345 esre
676 2284 778 2366 ipsam
801 2295 937 2362 terram,
957 2304 1039 2368 quae
1059 2296 1228 2369 postquam
1249 2280 1328 2347 olim
1348 2282 1539 2345 omniaaui·

449 2380 604 2445 mantiam
625 2402 746 2466 genera
767 2406 786 2449 e
806 2386 932 2470 gremio
952 2404 1012 2448 auo
1033 2386 1213 2470 pepererit,
1246 2404 1331 2447 nune
1350 2401 1391 2444 ne
1413 2379 1538 2444 fruetur

451 2477 578 2560 quidem
598 2501 748 2564 egrotum
770 2506 828 2549 ιιιιι
849 2497 964 2568 sponte
983 2486 1178 2569 progignere
1198 2495 1312 2568 quent,
1336 2479 1394 2545 aed
1415 2479 1456 2543 ed
1477 2500 1537 2543 eoa

449 2579 668 2659 procreandos
689 2586 812 2667 ingenti
828 2598 923 2669 egeat
944 2583 1103 2648 hominum
1119 2604 1218 2667 opere
1239 2580 1413 2649 aeiabore.
1436 2575 1536 2652 Quod

450 2697 479 2740 v.
503 2677 594 2746 1158.
613 2681 663 2747 his
683 2684 789 2751 verbis
810 2684 979 2751 desertare

580 2789 747 2852 Praetereo
767 2797 880 2854 nictum
898 2790 1019 2867 riupeie
1039 2799 1198 2868 vinetaque
1220 2796 1302 2851 lueto

576 2891 689 2962 Sponte
707 2911 768 2952 ruo
785 2898 919 2967 pomum
937 2897 1116 2956 mortalibus
1135 2901 1206 2968 ipro
1223 2896 1355 2965 creavi&

577 2991 652 3062 Ipeu
671 2995 888 3053 ordenatores
907 2992 992 3066 fetere
1007 3011 1067 3073 per
1087 2996 1205 3068 pabula
1226 2997 1317 3066 lueto,

577 3091 664 3159 Quae
682 3110 764 3152 nuno
781 3100 837 3152 vire
856 3104 960 3153 nostro
978 3099 1184 3167 ¹orandeuormt
1198 3101 1292 3152 aeota
1311 3095 1434 3167 Μυῖα,-

579 3193 827 3269 conterimusque
846 3199 936 3256 boreo
957 3205 987 3254 et
1007 3198 1100 3252 virete
1118 3197 1324 3266 agricolarum

581 3285 780 3371 Censuimus,
800 3301 881 3355 aerio
901 3301 957 3355 ete
978 3299 1063 3354 uruit
1083 3296 1284 3367 suppeditat:

580 3391 685 3469 thue
701 3399 778 3454 odeo
797 3406 928 3470 pereunt
948 3395 1032 3466 fetus
1052 3401 1223 3466 augentque
1243 3392 1369 3452 labore!

450 3483 525 3552 Non
548 3509 611 3552 ιιιιιι
631 3500 753 3556 tantum
786 3513 882 3560 eausa
911 3493 984 3568 eat',
1020 3513 1077 3555 our
1100 3487 1183 3554 {elea
1207 3490 1389 3556 existimari
1417 3489 1536 3556 debeat

450 3585 662 3654 Wakefieldii
681 3588 796 3660 lectior
818 3602 894 3674 Ipso
908 3602 991 3657 dedit
1003 3599 1122 3656 duleetr
1139 3592 1224 3666 Γιιιιι
1235 3609 1296 3672 per
1309 3598 1426 3668 potata
1439 3599 1533 3673 taeta,

448 3697 484 3750 ut
503 3693 608 3752 delore
623 3691 707 3765 fetor
725 3714 785 3778 pro
806 3692 983 3779 pecudibus
1004 3692 1209 3776 arripiantur.
1251 3686 1335 3756 Nmn
1357 3690 1411 3774 qui
1430 3701 1535 3756 totum

447 3785 554 3854 loeum
583 3788 659 3856 inde
692 3813 766 3856 av.
790 3794 880 3861 1151.
901 3816 1002 3880 usque
1031 3791 1072 3855 ed
1101 3789 1198 3856 finem
1225 3801 1371 3856 aoeurate
1405 3786 1534 3873 legerit,

448 3886 555 3949 rtatim
578 3903 772 3972 cognoscet,
790 3915 891 3980 usque
915 3895 956 3958 ad
970 3915 997 3958 v.
1008 3892 1102 3958 1157.
1116 3888 1158 3955 de
1179 3895 1375 3956 animantum
1390 3901 1534 3956 exterra

447 3987 676 4069 generatione,
705 3993 739 4055 in
760 3993 892 4081 reliquia
915 4015 992 4058 vero
1016 4012 1081 4056 non
1102 3992 1219 4057 iterum
1240 3991 1283 4053 de
1305 3990 1532 4068 animantibus,

448 4082 506 4148 aed
525 4083 567 4149 de
586 4084 742 4154 fructibus
763 4110 943 4160 termonem
968 4095 1112 4173 institui,
1149 4110 1229 4175 quoa
1252 4085 1329 4152 olim
1351 4101 1439 4154 tarra
1460 4094 1534 4176 ipra

447 4196 482 4248 et
502 4204 562 4250 ιιιιι
582 4201 697 4274 sponte
718 4189 860 4271 dederit,
881 4217 966 4261 uano
984 4215 1082 4280 saepe
1103 4200 1199 4273 neget
1221 4186 1273 4254 vel
1293 4191 1425 4256 summis
1446 4192 1535 4275 egri·

448 4281 588 4351 eolarnm
610 4285 783 4352 laboribus.
807 4290 935 4360 Deinde
955 4294 984 4359 ei
1000 4301 1117 4370 patula
1135 4297 1219 4353 taeta
1236 4311 1356 4375 parona
1373 4288 1534 4373 pecudum

448 4395 540 4462 runt,
561 4386 645 4472 quod
667 4409 711 4454 ex
730 4385 937 4456 Wakefieidii
958 4391 1083 4455 ratione
1102 4386 1197 4455 eliter
1214 4388 1288 4455 fieri
1307 4388 1428 4473 nequit,
1451 4409 1532 4473 quo-

448 4482 544 4548 modo
568 4488 661 4552 inea
690 4488 889 4575 potissimum
912 4489 1060 4578 quadrat,
1094 4490 1180 4578 quod
1205 4493 1263 4556 vix
1284 4500 1395 4556 uoatro
1415 4484 1532 4554 labore
