3567 5550
725 708 973 779 ...13-

305 914 436 973 conoque
460 900 545 971 lynce
573 898 690 955 luminu
714 902 845 969 possunt
864 894 1004 952 Alttcere.
1032 892 1061 966 6,
1093 887 1145 954 19.
1174 893 1260 963 ottae
1279 896 1392 955 cotula

304 996 388 1069 foris
408 1008 439 1058 ct
459 1002 613 1058 commoda
633 1012 760 1072 cumque
778 995 923 1053 venirem.
952 988 1028 1053 343.
1052 1010 1134 1069 puae
1153 996 1215 1052 siut
1232 996 1317 1052 illius
1335 1012 1391 1053 sc·

305 1101 391 1157 minc
410 1116 546 1176 cumque.
567 1092 638 1159 960.
663 1114 744 1173 quac
755 1094 922 1167 sumuntur
932 1093 1069 1167 Corpora
1090 1110 1218 1171 cumque
1234 1095 1275 1150 ot
1288 1096 1391 1157 relius.

308 1192 404 1259 1003.
426 1202 574 1275 Interque·
586 1203 716 1273 lapidem
734 1194 915 1271 ferrumque
936 1203 982 1252 est
1001 1212 1129 1271 cumque
1147 1198 1274 1253 locatus.
1291 1188 1391 1254 tom.

302 1305 359 1375 qut
386 1308 457 1374 post
484 1306 534 1360 est
551 1317 679 1377 cumque
707 1304 823 1359 locotus
848 1296 919 1355 Aer.
965 1290 1071 1355 Etiam
1092 1300 1125 1371 2,
1148 1290 1199 1355 71.
1222 1288 1391 1353 restituen-

305 1395 380 1460 dum
403 1410 468 1476 ost,
502 1419 583 1477 quoe
608 1404 756 1459 decedunt
783 1413 913 1469 corpora
939 1413 1082 1473 cumque,
1115 1404 1151 1456 ut
1170 1387 1248 1453 olim
1271 1393 1341 1474 jum
1359 1392 1391 1472 iu

303 1496 445 1581 vulgatis
468 1495 665 1561 editionibus
691 1506 778 1571 erut3
821 1494 971 1577 quonism
993 1491 1236 1587 quodHaverc.
1258 1490 1292 1554 in
1314 1503 1393 1555 notu

305 1599 379 1661 crit.
408 1596 449 1660 od
481 1599 514 1675 2,
539 1593 592 1662 21.
623 1596 727 1673 dixit,
769 1593 966 1677 posteriores
991 1605 1097 1658 autem
1124 1593 1265 1657 editores
1293 1592 1402 1678 fugit,

303 1696 413 1781 Lugd.
434 1703 464 1763 2.
490 1694 585 1759 Bodl.
606 1696 726 1780 pariter
746 1693 798 1758 hio
820 1706 916 1777 atque
936 1688 1007 1755 illic
1029 1714 1156 1773 conoque
1176 1703 1392 1756 servaverunt.

303 1796 415 1883 Itaque
436 1819 532 1882 quum
553 1799 587 1860 in
609 1794 757 1859 omuibus
786 1794 967 1857 enunciatis
989 1792 1133 1857 relativis
1153 1795 1202 1857 vis
1225 1806 1258 1859 et
1271 1805 1393 1857 notura

303 1895 463 1981 particula
485 1917 613 1975 cumque
636 1916 675 1958 eo
697 1916 769 1958 esse
791 1910 963 1979 appareat,
993 1908 1025 1958 ut
1050 1917 1222 1981 numquam
1243 1894 1392 1960 absolute

302 2012 457 2084 ponatur,
489 1996 547 2061 sed
569 2018 696 2081 semper
718 2018 752 2060 se
774 1993 913 2059 acclinet
942 1995 984 2059 sd
1015 1995 1182 2061 relativum
1213 2014 1393 2081 pronomen

304 2110 361 2161 ont
386 2094 588 2183 particulam,
618 2098 721 2182 iisqne
749 2096 877 2161 insitam
901 2108 958 2160 eut
983 2098 1033 2161 rei
1054 2110 1110 2161 out
1131 2117 1307 2182 personae,
1337 2109 1393 2160 aut

304 2200 477 2283 temporis,
511 2212 567 2263 aut
597 2198 685 2264 modi
711 2199 875 2262 notionem
903 2196 1138 2282 generaliorem
1166 2196 1283 2262 reddat
1307 2196 1337 2261 lr.
1363 2220 1392 2260 e.

306 2300 416 2362 omnia
439 2318 520 2382 quae
550 2298 591 2361 ad
623 2297 656 2359 id
678 2318 781 2379 genus
807 2300 1009 2381 pertineant,
1041 2296 1309 2382 comprehendam
1351 2296 1392 2361 de

304 2397 428 2465 duobus
447 2396 512 2461 illis
530 2396 705 2484 'exemplis
728 2395 928 2476 ubicumque
947 2398 981 2461 iu
1003 2395 1068 2460 clio
1086 2408 1181 2483 utque
1202 2398 1236 2460 in
1255 2395 1392 2461 relativo

304 2500 473 2564 enunciuto
495 2499 635 2584 positum
655 2508 721 2575 est,
736 2499 812 2579 jure
831 2495 908 2562 milri
931 2496 1123 2561 concludere
1143 2496 1275 2576 videor,
1296 2499 1328 2561 io
1351 2500 1392 2563 iis

305 2620 430 2685 quoque
460 2598 648 2683 particulam
670 2620 733 2661 non
766 2597 915 2663 absolute
945 2602 1082 2683 positam
1117 2619 1207 2679 esse,
1240 2597 1298 2662 sed
1320 2602 1392 2682 pari

303 2700 400 2765 modo
422 2699 465 2762 od
486 2713 607 2765 certum
627 2699 788 2764 enuntiati
808 2699 999 2764 vocabulum
1012 2699 1177 2779 inclinare,
1197 2702 1288 2782 cujus
1303 2702 1391 2765 uotio
1452 2713 1455 2719 ’

305 2804 380 2866 inde
408 2800 590 2886 generalior
615 2799 681 2867 fiat.
725 2798 839 2885 Neque
872 2822 949 2864 vero
972 2821 1048 2863 casu
1068 2800 1186 2863 factum
1209 2821 1282 2864 esse
1303 2802 1392 2866 vide·

305 2915 364 2980 tur,
387 2916 421 2964 ut
443 2903 474 2962 in
497 2912 632 2986 utroque
652 2924 779 2980 cumque
800 2916 875 2987 post
897 2922 1073 2986 pronomen
1096 2900 1265 2986 personale
1285 2901 1393 2966 locum

306 3016 429 3080 teneat,
464 3022 557 3086 quum
586 3003 619 3063 in
646 3015 781 3087 utroque
807 3003 969 3066 sententia
993 3000 1153 3084 postulet,
1183 3017 1218 3066 ut
1239 3003 1282 3067 ad
1308 3003 1392 3069 illud

305 3123 482 3188 pronomen
511 3101 679 3166 referetur.
723 3098 831 3176 Quare
860 3105 893 3166 in
922 3101 1053 3166 Horatii
1077 3101 1150 3164 loco
1172 3112 1245 3167 nutu
1265 3125 1393 3185 cumque

305 3213 389 3268 calce
411 3201 559 3287 explico:
591 3203 688 3287 milri,
718 3207 926 3291 quicumque,
959 3205 1027 3266 sive
1050 3201 1289 3291 qualiscumque
1309 3228 1392 3286 sum,

305 3303 412 3368 salve:
446 3324 528 3388 quoe
550 3303 727 3369 modestior
747 3304 868 3370 locutio
890 3303 1024 3390 pulchre
1046 3322 1176 3386 poetam
1199 3304 1311 3385 decet,
1337 3311 1393 3394 qui

305 3403 406 3489 lyram
427 3403 522 3468 modo
549 3403 599 3466 his
628 3405 810 3472 nominibus
832 3403 1023 3492 appellavit:
1067 3410 1209 3468 ddecus
1230 3414 1344 3472 Phoebe·
1363 3423 1394 3474 et

305 3513 434 3583 daptbus
453 3514 590 3580 supremi
602 3510 702 3569 arato
718 3516 836 3570 testudo
845 3513 944 3568 Jooc's.
968 3502 1038 3568 Nec
1051 3506 1156 3568 minus
1171 3517 1245 3588 apte
1255 3507 1391 3572 Lucret.

304 3611 362 3666 slot
383 3623 511 3682 cumque
531 3602 634 3682 dixit,
663 3617 700 3667 ut
720 3604 933 3688 significaret:
965 3605 1169 3670 monumenta
1189 3607 1265 3687 sibi,
1295 3630 1392 3691 quae-

305 3725 439 3790 cumque
461 3715 551 3784 sunt,
585 3724 755 3770 senescere
777 3719 950 3790 quaerunt3
982 3728 1078 3793 quum
1100 3719 1306 3770 monumento
1327 3718 1392 3773 tom

307 3805 423 3868 diversi
451 3806 581 3888 generis
606 3818 638 3869 et
663 3809 817 3871 materiae
843 3829 916 3873 esse
936 3806 1071 3872 soleant.
1120 3804 1241 3869 Verum
1263 3818 1392 3890 praeter

305 3903 385 3968 illud
411 3926 538 3984 cumque
556 3905 590 3968 id
612 3909 718 3991 ipsum
739 3908 791 3972 hio
808 3912 1001 3993 interpretes
1020 3907 1174 3986 vexavit,
1196 3907 1282 3990 quod
1305 3909 1390 3971 viro·

305 4027 374 4068 rum
394 4017 601 4069 monumenta
630 4028 783 4091 quaerere
813 4007 876 4072 sibi
898 4029 1067 4072 senescere
1095 4010 1165 4072 sive
1193 4021 1390 4072 senectutem

307 4101 461 4167 dicuntur.
484 4105 600 4172 Exstat
620 4109 717 4191 igitur
740 4129 892 4174 numerus
913 4112 1181 4192 conjecturarum,
1203 4127 1282 4193 quus
1302 4128 1389 4170 com-

306 4224 482 4268 memorare
503 4227 540 4269 ec
560 4205 701 4272 refutare
730 4207 812 4273 nihil
840 4207 977 4295 amplius
997 4211 1128 4281 atticen
1161 4206 1275 4271 [romb.
1297 4205 1389 4288 adeo,

305 4303 401 4392 poulo
437 4307 541 4369 acrior
570 4321 605 4372 ut
633 4308 730 4391 solet,
763 4323 865 4374 totum
891 4331 1018 4375 uersum
1039 4306 1233 4392 ejiciendum
1254 4309 1407 4375 censuit.⁴

306 4405 410 4472 Aliter
430 4417 536 4470 autern
553 4410 614 4472 nisi
635 4408 731 4474 fullos
751 4409 899 4476 homines
920 4412 1009 4478 docti
1027 4408 1243 4494 judicassent,
1273 4413 1300 4474 si
1319 4429 1389 4474 me·
1497 4469 1508 4486 0

306 4504 368 4572 lius
386 4505 598 4573 attendissent
617 4509 657 4574 ad
677 4511 868 4594 perticulam
886 4530 1054 4593 proporro,
1077 4530 1158 4596 quoe
1178 4525 1214 4576 ut
1233 4511 1337 4576 otioso
1349 4531 1387 4574 ac
