3567 5550
735 695 960 767 ..9.-

300 877 389 944 dicta
409 899 481 943 eree
503 886 672 963 nequeunt
707 876 800 941 Prior
820 878 901 941 haec
922 889 983 955 eat,
1005 874 1089 960 quod
1114 887 1280 962 postquam
1297 885 1388 945 nti.

301 979 399 1048 modo
432 977 613 1044 contendit:
654 983 709 1039 Nil
736 986 824 1041 eliud
849 986 908 1041 rito·
929 989 1075 1041 naturam
1096 986 1229 1057 latrare,
1262 988 1326 1043 riri
1343 994 1388 1058 ut,

300 1101 391 1159 quom
412 1086 545 1158 Corpore
567 1081 727 1153 rejunctus
746 1086 832 1142 dolor
847 1085 945 1157 aban,
975 1088 1074 1139 mette
1093 1079 1227 1153 fruatur
1246 1088 1389 1145 Jucundo

299 1202 396 1243 renco
417 1201 494 1245 curo
513 1192 628 1242 remoto
661 1192 819 1257 metroque,
857 1179 929 1263 ipse
948 1176 1010 1240 sihi
1033 1192 1242 1261 repugnaret,
1275 1181 1304 1243 ri
1325 1184 1390 1263 jam

302 1278 441 1345 diceret:
470 1280 625 1342 interdurn
650 1290 774 1344 tantum
796 1291 943 1343 naturam
966 1276 1046 1341 nihil
1067 1279 1192 1361 gratius
1215 1302 1310 1365 quarn
1332 1280 1390 1343 do·

303 1378 383 1446 loris
416 1382 611 1443 amotionem
644 1376 836 1443 daaiderare.
885 1377 1014 1442 Deinde
1045 1400 1120 1443 rero
1153 1379 1243 1443 nulla
1271 1380 1390 1445 idonea

302 1484 384 1547 ratio
407 1494 475 1557 eat,
497 1501 554 1544 cur
576 1491 689 1540 natura
710 1483 833 1564 majore
853 1476 962 1563 aliqua
983 1485 1015 1543 vi
1037 1480 1089 1544 hic
1101 1481 1262 1558 efferatur,
1282 1502 1391 1567 quem·

302 1582 475 1647 admodum
495 1603 551 1643 nec
580 1599 638 1662 pro
661 1588 835 1658 ree-puidam
854 1581 963 1663 posito
986 1579 1096 1652 lieret3
1135 1602 1231 1663 quurn
1251 1581 1392 1667 simplex

304 1682 435 1767 negatio
464 1676 610 1745 sufficiat.
655 1678 772 1743 Eiclrst.
797 1692 903 1741 auteur
932 1690 964 1740 et
986 1678 1083 1742 Forb.
1107 1683 1160 1764 qui
1183 1681 1226 1744 ad
1247 1685 1392 1766 priorum

305 1783 464 1848 editorum
500 1778 694 1863 exemplurn
730 1791 803 1863 post
838 1786 969 1858 requirit
1010 1793 1164 1862 punctum
1202 1796 1394 1867 posuerunt,

305 1904 400 1971 quarn
422 1878 592 1946 deficiente
608 1878 743 1963 apodori
767 1876 939 1944 verborum
954 1882 1211 1963 conjunctionem
1226 1882 1291 1946 sihi
1305 1886 1394 1969 cogi·

306 1986 464 2061 laverint,
485 2001 547 2065 ego
562 2001 626 2042 non
648 1982 817 2065 perspicio.
848 1976 933 2042 Nam
956 1993 1082 2045 veteres
1104 1979 1156 2044 illi
1178 1992 1214 2044 ut
1235 1980 1394 2067 apodosin

307 2084 369 2149 ribi
391 2094 543 2168 pararent
564 2102 594 2142 v.
614 2081 665 2143 29.
689 2101 747 2164 pro
767 2102 856 2161 quom
876 2094 979 2145 tamen
999 2091 1057 2144 aut
1077 2102 1148 2144 rum
1170 2080 1301 2145 Gilanio
1320 2092 1396 2162 puin

303 2198 422 2263 tamen,
444 2193 499 2247 aut
517 2202 588 2246 cunr
599 2177 758 2244 Lambiuo
776 2194 911 2245 attamen
928 2182 1143 2264 scripserunt3
1166 2204 1300 2266 quorum
1317 2205 1394 2247 neu-

308 2294 392 2346 trum
426 2282 466 2345 ab
495 2278 686 2343 Eiolratadio
720 2295 775 2344 aut
802 2279 984 2362 Forbigero
1017 2281 1133 2343 iacturn
1164 2295 1221 2343 eat.
1272 2280 1396 2346 Omnes

308 2394 414 2446 autern
435 2379 671 2464 neglexerunt,
714 2378 800 2465 quod
823 2382 893 2461 jarn
913 2378 968 2442 (lin
988 2377 1068 2447 Aul.
1090 2385 1121 2444 2.
1143 2379 1277 2445 meliore
1296 2383 1396 2447 inter·

307 2485 480 2570 punctione
508 2490 627 2545 rectam
652 2479 884 2565 interpretandi
908 2481 992 2545 viam
1014 2478 1265 2559 demonstrarit,
1300 2503 1395 2567 quuru

308 2595 435 2671 praeter
454 2594 604 2666 punctum
622 2593 697 2666 post
708 2591 826 2659 peretot
840 2602 867 2644 v.
881 2581 932 2643 22
949 2580 1090 2663 positum
1102 2582 1199 2644 etiarn
1213 2593 1286 2665 port
1297 2592 1396 2645 mter-

306 2695 379 2749 dum
398 2682 558 2747 inciderit.
582 2678 675 2745 Unde
691 2682 995 2746 hic-sententiarum
1017 2698 1123 2741 nexus
1141 2683 1298 2745 nascitur:
1320 2702 1396 2766 gra-

309 2788 373 2850 tiuo
393 2781 556 2848 interdum
575 2795 635 2858 est,
657 2785 684 2844 si
707 2803 771 2846 non
794 2803 893 2846 aurea
915 2791 992 2846 aunt
1012 2776 1183 2842 simulacra
1203 2793 1274 2859 cet,
1293 2803 1397 2868 neque

310 2899 425 2951 natura
446 2885 517 2966 ipsa
537 2903 646 2946 aarum
666 2903 773 2946 rerum
795 2882 990 2946 desiderium
1012 2877 1126 2944 sentit:
1155 2900 1251 2964 quern
1272 2881 1398 2944 etiamsi

309 2981 497 3071 splendidus
518 2981 574 3046 illc
596 2996 768 3068 apparatus
790 2982 884 3060 absit,
904 2980 1049 3067 jucunde
1067 2993 1172 3044 tamen
1192 2983 1398 3065 non'magnia

311 3085 426 3170 opibus
449 3102 584 3167 corpora
607 3097 727 3149 curant.
771 3082 937 3147 Hactenus
957 3081 998 3145 (le
1019 3083 1120 3146 totius
1141 3079 1206 3146 loci
1227 3083 1400 3160 sententia,

312 3186 426 3272 quibus
455 3205 557 3269 pauca
585 3184 626 3249 de
649 3186 759 3250 verbis
780 3205 860 3265 quae
879 3193 1002 3247 demeret
1021 3203 1148 3262 cumque
1168 3192 1301 3250 dolorem
1322 3180 1398 3246 sob-

301 3289 450 3370 juugam.
472 3287 551 3348 Narn
565 3284 810 3370 completisque
824 3282 1003 3348 editoribus
1019 3283 1113 3361 facio,
1136 3284 1190 3369 qui
1208 3303 1399 3370 quamquam

311 3383 425 3451 hamb.
448 3405 492 3449 ex
510 3381 643 3450 Marulli
674 3388 737 3449 nisi
758 3383 856 3449 fallor
880 3387 1065 3466 conjectura
1090 3403 1239 3462 pueroque
1258 3382 1399 3446 scribere

312 3485 443 3560 maluit,
479 3505 606 3563 cumque
634 3488 844 3549 retinuerunt.
887 3481 1050 3547 Deoidaro
1078 3493 1184 3545 tarnen
1207 3481 1274 3546 loci
1294 3480 1402 3565 expli·

313 3588 470 3650 cntionem
493 3604 551 3646 nec
570 3582 706 3667 probare
726 3605 857 3669 possum
867 3582 989 3646 Handii
1005 3583 1039 3646 in
1050 3580 1145 3648 'l'ura
1154 3581 1228 3648 Vol
1239 3585 1268 3646 ³.
1282 3606 1313 3668 p.
1325 3581 1403 3648 174.

313 3700 346 3752 et
370 3683 488 3749 Orellii
511 3681 553 3747 ad
580 3681 660 3748 Hor.
683 3684 733 3748 od.
759 3690 789 3764 1,
811 3687 863 3761 32,
884 3685 934 3750 15.
959 3682 1133 3769 judicium,
1174 3684 1230 3768 qui
1254 3679 1402 3743 illumin

314 3808 414 3872 parvo
436 3805 548 3850 eorunr
577 3804 709 3848 numero
731 3782 865 3860 habent,
905 3785 962 3848 ubi
981 3782 1135 3865 particula
1156 3801 1283 3859 cumque
1304 3779 1403 3845 abso-

315 3888 383 3952 lutc
405 3895 558 3968 usurpata
578 3885 629 3947 ait.
671 3881 814 3950 Omnino
838 3897 952 3948 neuter
972 3883 1103 3948 illorum
1124 3881 1343 3968 quaestionem
1364 3881 1404 3944 de

316 4000 380 4051 tarn
399 3981 556 4071 singulari
575 3983 752 4066 particulae
773 4007 833 4050 usu
855 3987 936 4050 satia
954 3994 1102 4049 accurate
1122 3981 1201 4047 milri
1221 3981 1405 4046 videturin-

317 4087 468 4150 stituiare.
513 4080 670 4167 Vulgaris
698 4088 784 4149 enirn
807 4083 963 4169 loquendi
994 4082 1191 4148 conauetndo
1220 4103 1317 4168 quum
1342 4079 1405 4146 hoc

316 4183 475 4272 postulet,
515 4198 550 4250 ut
576 4206 704 4265 cumque
724 4186 758 4249 in
780 4185 959 4248 enunciatis
979 4181 1124 4249 relativis
1149 4192 1310 4267 ponatur,
1350 4193 1407 4245 aut

316 4287 380 4373 ipri
399 4282 536 4348 relativo
559 4284 612 4348 vel
633 4285 810 4371 particulae
839 4283 993 4350 relativae
1022 4289 1238 4370 conjunctum,
1270 4293 1326 4345 aut
1347 4302 1406 4365 per

318 4388 435 4450 tmesin
457 4382 498 4448 ab
512 4385 554 4447 iia
575 4384 785 4468 disjunctum,
805 4397 879 4452 ante
896 4387 1005 4450 omnia
1015 4407 1057 4450 aa
1069 4381 1220 4469 exempla
1236 4404 1256 4446 a
1272 4380 1406 4466 reliquia

321 4485 479 4572 disparari
501 4479 670 4566 debebant,
690 4484 745 4551 ubi
764 4489 798 4550 in
819 4485 884 4551 ulio
906 4501 1003 4571 atque
1025 4484 1060 4547 in
1082 4482 1216 4549 relativo
1236 4483 1406 4551 enunciata
