3567 5550
689 654 940 729 -15--

267 854 474 913 monumenta
487 844 629 907 virorum
645 841 707 907 sibi
719 858 933 927 quaecumque
948 850 1029 917 sunt,
1050 846 1245 901 senectutem
1260 848 1356 928 quaa'

268 968 341 1011 rere
363 942 487 1010 credas.
510 942 754 1029 Exemplorum,
776 942 833 1007 ubi
855 936 1029 1027 quaerendi
1049 937 1148 1002 verbo
1169 961 1190 1001 a
1210 937 1356 1000 Lucretio

267 1044 447 1109 infinitivus
467 1045 637 1130 adjunctus
662 1046 721 1123 sit,
749 1040 938 1111 Eichstadii'
951 1039 1053 1106 index
1077 1058 1228 1125 magnum
1249 1058 1358 1103 nume·

267 1168 336 1211 rum
357 1144 587 1212 :submittunt
784 1140 785 1144 ¹

793 1271 850 1375 1⁷11.

355 1448 458 1515 Totus
485 1470 589 1534 paene
616 1446 701 1509 liber
726 1446 886 1511 secundus
912 1467 1008 1532 qurum
1027 1446 1062 1509 in
1084 1440 1198 1507 natura
1223 1439 1359 1524 primor-

270 1551 397 1615 diorum
418 1550 486 1613 sive
510 1563 689 1613 atomorum
711 1548 889 1612 accuratius
914 1547 1098 1613 definienda
1115 1554 1270 1617 versetur,
1293 1557 1358 1601 non

268 1651 401 1715 minima
422 1652 492 1733 ejus
515 1649 743 1734 disputationis
762 1669 838 1732 pars
859 1649 900 1711 dc
921 1649 1048 1713 illorum
1067 1648 1134 1730 agit
1155 1655 1254 1726 motu,
1270 1642 1359 1722 cujus

269 1749 310 1813 ab
328 1752 419 1814 initio
440 1750 504 1815 duo
527 1771 647 1834 genera
667 1752 912 1813 constituuntur.
941 1750 1066 1813 Versus
1088 1747 1202 1833 quibus
1223 1764 1262 1805 ea
1283 1761 1360 1805 cou-

269 1852 434 1931 tinentur,
455 1852 505 1916 82.
518 1872 585 1936 sqq.
610 1850 643 1911 in
667 1851 795 1934 optimis
818 1861 851 1912 ct
870 1852 1104 1938 antiquissimis
1116 1845 1280 1913 codicibus
1297 1842 1360 1905 hoc

269 1951 365 2015 modo
387 1953 527 2036 corrupti
549 1962 641 2015 sunt:
755 1943 763 1957 ⁸

354 2060 435 2117 Nom
455 2062 599 2134 peroniano
616 2073 675 2131 per
694 2060 786 2115 inane
806 2047 976 2132 coquntur,
998 2064 1108 2115 eonem
1128 2069 1254 2113 neccsse
1274 2058 1321 2109 eet
1363 2118 1366 2123 ,

354 2159 418 2219 Ant
434 2165 586 2234 yroottotc
606 2175 667 2215 ano
687 2156 769 2229 ferre·
785 2162 956 2231 primordia
978 2174 1084 2239 xpum
1333 2178 1365 2233 ,ις
1467 2147 1488 2175 ”

357 2260 420 2318 Ant
437 2257 601 2328 tctnforto
621 2263 765 2316 alterins:
787 2276 861 2317 nom
881 2263 942 2317 cita
966 2266 1060 2330 coepe
1428 2236 1436 2249 ’

360 2358 456 2432 Odoin
477 2340 643 2429 confiterere
646 2398 660 2434 ,
680 2358 717 2427 fit
736 2366 772 2415 ut
791 2362 915 2415 dr‘ooron
934 2364 1059 2430 repento
1293 2332 1356 2469 ἃ]

357 2462 538 2531 Bisalticam
558 2474 656 2533 neque
677 2461 755 2515 enim
776 2461 904 2532 notrum,
925 2462 1093 2515 durissima
1113 2474 1194 2532 punc
1212 2458 1302 2515 cno‘

355 2560 547 2619 Ponderibus
566 2561 689 2633 solidis,
714 2574 812 2633 ncpue
832 2552 998 2632 quidquam
1018 2576 1039 2615 o
1056 2561 1190 2631 torpidus
1212 2559 1338 2617 obstet'·

336 2656 498 2719 Lacunam
521 2656 555 2717 in
577 2655 683 2718 verbis
704 2674 777 2715 nanc
797 2663 857 2715 otta
876 2676 970 2737 caepe
990 2655 1187 2717 recentiores
1209 2651 1283 2717 libri
1301 2672 1361 2718 ua·

273 2758 330 2820 riis
352 2754 456 2820 modis
475 2755 695 2841 expleverunt.
733 2750 871 2828 Quidam
896 2750 1057 2818 Pk'rvcodd.
1071 2763 1206 2833 perritn;
1230 2752 1285 2817 alii
1302 2766 1363 2819 cito

271 2877 422 2934 superne,
453 2856 539 2919 unde
563 2855 661 2938 vulgo
684 2868 759 2918 anta
782 2821 1038 2918 Wakelssldium
1060 2851 1248 2938 legebatur:
1288 2877 1362 2917 nanc

272 2967 334 3019 cito
359 2975 492 3032 superne
512 2960 607 3018 occia
635 2977 723 3031 pnonc
741 2961 870 3034 ttinere,
907 2957 957 3018 cui
980 2956 1098 3018 rationi
1121 2967 1249 3039 praeter
1270 2955 1360 3018 verbi

274 3056 425 3140 simplicis
442 3059 565 3134 stipendi
583 3056 788 3121 insolentiam
810 3058 906 3121 etiam
927 3054 1102 3144 idolrstare
1118 3055 1254 3134 ridetur,
1274 3057 1361 3143 quod

274 3156 446 3219 Lucretius
470 3158 502 3220 in
524 3157 662 3242 simplici
683 3160 852 3244 participio
874 3167 952 3221 ottus
970 3156 1136 3220 litterame'
1151 3173 1361 3243 sempercor-

275 3258 359 3340 ripit.
384 3263 412 3334 l,
425 3256 496 3322 386.
519 3265 554 3321 St
575 3268 635 3322 cito
650 3268 811 3322 dicatlinnt.
834 3261 913 3324 996.
935 3267 994 3321 Eur·
1010 3262 1206 3339 infintloxcc'tn
1226 3281 1360 3338 corpore.

263 3361 307 3448 χιι,
331 3355 404 3422 546.
421 3365 528 3422 reboat
553 3381 683 3422 roncum
705 3374 786 3422 retro
816 3365 876 3422 cita
909 3365 1045 3422 boronra
1077 3365 1223 3420 donnum
1268 3357 1361 3424 Cant.

212 3443 215 3450 ¹
273 3445 389 3538 conato
398 3505 413 3537 ,
449 3458 536 3522 undo
562 3459 662 3524 Wak.
694 3481 767 3522 rrum
795 3469 912 3522 concito
936 3481 1030 3536 saepe
1061 3460 1156 3522 Odoin
1185 3481 1275 3539 puorn
1306 3465 1362 3535 lli·

272 3546 377 3636 nero,
389 3557 487 3620 simul
502 3557 534 3620 in
549 3557 759 3623 adnotatione
779 3564 991 3644 aconjectura
1004 3557 1170 3640 meliorem
1190 3560 1362 3624 lectionem

274 3646 452 3742 adjicienst
472 3678 647 3738 nampuorn
667 3669 727 3723 cita
741 3655 1138 3743 cnepwbetooontir’ccrc,
1157 3682 1250 3746 quam
1263 3657 1364 3724 Forb.
1478 3738 1482 3744 .

274 3757 397 3841 recepit
431 3757 466 3821 Si
489 3773 595 3824 tamen
609 3761 810 3846 quaerimus,
828 3762 990 3848 quomodo
1008 3763 1066 3828 illa
1087 3763 1201 3826 lacuna
1222 3756 1362 3822 inlibris

276 3868 347 3920 orta
367 3859 428 3937 sit,
450 3859 655 3926 verisimilius
681 3874 730 3926 est
750 3861 937 3928 Lucretium
958 3843 1144 3952 scripsisset
1157 3880 1236 3932 nom
1254 3870 1283 3922 st
1298 3873 1364 3924 cito

274 3981 368 4036 anepe
391 3965 487 4023 Obvia
507 3965 690 4043 consternere,
726 3968 874 4047 quoniam
904 3975 933 4027 si
954 3979 1109 4050 sequente
1122 3974 1190 4027 'cita
1208 3959 1361 4026 facillime

278 4059 383 4121 omitti
401 4061 514 4142 potuit.
558 4059 680 4126 Similis
701 4060 791 4127 locus
813 4073 844 4144 t,
865 4064 942 4129 378:
985 4076 1046 4128 dno
1065 4074 1103 4128 de
1124 4078 1362 4148 concurro-cus-

272 4178 355 4238 poro
377 4166 442 4220 tnta
460 4166 495 4221 Sc
514 4171 573 4226 cc'tn
593 4171 755 4228 dissiliant.
796 4163 949 4229 Ceterum
966 4165 1064 4232 Wak.
1076 4180 1111 4232 et
1127 4163 1387 4243 l'oru'mirarn,

278 4257 463 4344 hujusmodi
496 4276 731 4347 proposuerunt
753 4262 1005 4332 distinctionem:
1044 4279 1149 4349 ncnc,
1170 4285 1262 4346 mmm
1281 4273 1359 4343 otta,

276 4379 379 4440 mitt>
401 4359 498 4424 Obvia
519 4369 700 4447 womero,
722 4371 775 4448 βω
797 4366 921 4434 scilicet
942 4391 983 4433 ue
996 4370 1069 4455 quis
1087 4388 1181 4447 coepe
1202 4371 1263 4430 cna
1283 4385 1362 4431 con·

275 4463 444 4546 pungeret,
466 4461 525 4528 scd
542 4473 579 4526 ut
598 4467 704 4548 potius
716 4473 850 4546 ccepcfit
862 4473 1096 4556 copularentur.
1122 4465 1361 4552 Verulanoqnc
