3567 5550
661 634 908 706 ..17-

238 820 356 885 mirum
377 815 439 881 hoe
458 814 531 881 fieri
552 816 588 879 io
609 814 650 879 iis
670 835 753 901 quae
772 808 948 880 douram
965 815 1031 879 rint
1050 810 1248 896 ponderibor
1273 832 1330 879 to—

237 918 334 997 lidir,
354 938 414 983 oee
433 916 548 1003 quibua
570 915 739 1001 quidquam
761 911 826 977 alio
846 913 944 977 modo
963 910 1077 977 obeat
1116 910 1272 1004 ‘Namque'
1284 934 1331 979 ex

235 1040 303 1081 una
315 1031 407 1103 parte
421 1017 528 1081 obstat
537 1026 650 1099 corpur
663 1034 801 1100 quooum
816 1013 1047 1090 conflixerunt,
1058 1010 1113 1077 vel
1125 1013 1235 1097 potiua
1245 1013 1329 1079 ietur

237 1121 299 1194 vie,
322 1138 418 1202 quem
428 1114 505 1179 iude
527 1125 729 1201 aeceperunt,
752 1134 797 1177 ex
816 1111 891 1177 aliie
903 1112 1055 1198 partibile-
1070 1127 1127 1179 aut
1148 1111 1214 1177 alio
1231 1112 1329 1180 modo

237 1218 322 1283 nihil
332 1215 448 1281 obstat.
464 1214 585 1282 Melior
595 1224 701 1279 autem
712 1234 836 1279 oomma
845 1212 1017 1292 delebitur,
1032 1235 1095 1300 quo
1106 1208 1204 1299 volgo
1216 1208 1329 1280 verber

235 1326 405 1385 omittitur
423 1328 594 1396 quaeruut
611 1321 802 1379 Ponderibus
819 1322 927 1379 cottum
946 1321 1155 1401 separantur,
1176 1316 1329 1398 quoniam

238 1418 345 1485 tolida
365 1416 512 1503 pondera
531 1416 566 1478 in
587 1412 773 1499 primordiis
793 1434 892 1477 eausa
912 1408 1043 1479 duritiei
1063 1428 1149 1479 runt.

322 1516 456 1601 Duplex
477 1516 577 1600 igitur
593 1526 704 1581 motus
715 1526 764 1577 eet
776 1512 1038 1598 primordiorum,
1054 1535 1141 1579 auur
1151 1516 1207 1601 qui
1216 1536 1329 1583 eorum

238 1618 399 1703 gravitate
420 1616 492 1681 aive
513 1613 673 1701 polidoro,
696 1611 779 1679 altor
798 1616 852 1700 qui
873 1614 941 1679 iota
965 1625 1103 1678 externo
1119 1612 1173 1692 fit,
1204 1615 1235 1679 ei
1252 1636 1329 1683 ooo·

237 1718 327 1782 iliota
355 1716 497 1784 intarta
525 1717 647 1801 passim
674 1712 845 1777 direiliunt.
890 1713 1013 1779 Verum
1034 1735 1076 1778 ne
1095 1716 1177 1779 iotur
1199 1717 1329 1801 quidem

236 1815 295 1882 ille
316 1828 515 1894 nasceretur,
533 1816 602 1878 nisi.
616 1814 711 1879 tertia
734 1825 903 1898 praeterea
918 1826 1025 1879 metm
1046 1816 1129 1881 ratio
1151 1817 1327 1903 aoeederet,

204 1988 206 1991 ,
237 1914 324 1981 Νιιιιι
342 1918 479 2001 primum
506 1914 651 2001 pondera
673 1934 738 1979 non
765 1912 897 2001 obliqua
918 1935 977 1999 por
1001 1914 1099 1979 inane
1118 1938 1229 1985 meare
1252 1940 1328 2003 por-

237 2028 333 2096 eout,
354 2017 413 2081 red
434 2026 524 2083 reeta
543 2014 631 2079 linea
651 2012 806 2080 deorsum
825 2015 986 2090 lemotur3
1009 2014 1049 2079 oi
1070 2018 1145 2079 24⁷.
1187 2027 1328 2102 Nourqoe

236 2123 294 2181 ltoo
316 2125 350 2181 to
367 2125 511 2196 promptu
532 2117 788 2197 mortificatumque
806 2137 875 2179 erre
893 2124 1049 2196 uidemur,
1070 2114 1215 2181 Pondere
1227 2141 1327 2200 purae*

236 2230 303 2280 tum
332 2223 365 2279 to
384 2238 420 2279 re
447 2226 495 2279 ert
522 2235 583 2277 oon
608 2237 700 2294 poree
726 2224 849 2295 obliquo
867 2236 991 2295 maore,
1026 2222 1085 2279 llo
1104 2238 1218 2295 rupero
1235 2240 1328 2299 quom

234 2319 449 2393 praeeipuam.
472 2311 546 2377 190.
566 2319 709 2378 Pondere
729 2328 878 2395 quantum
898 2321 932 2375 to
951 2335 987 2377 ee
1007 2326 1053 2377 eet
1072 2334 1164 2393 quom
1183 2322 1328 2381 deornm

237 2425 348 2480 amoto
365 2414 521 2489 feruntur.
565 2411 695 2478 Deinde
720 2437 778 2500 per
804 2414 902 2480 iuaue
926 2426 960 2478 at
978 2411 1103 2479 leviora
1124 2427 1159 2478 et
1175 2410 1328 2499 graviore

237 2532 342 2597 aequa
359 2511 524 2577 eeleritate
545 2513 708 2591 famatum
728 2515 769 2591 ol.
781 2512 856 2579 238.
882 2519 993 2579 omuo
1012 2527 1200 2593 quopropter
1218 2521 1330 2585 debeat

233 2632 293 2690 per
310 2620 403 2675 r'oooe
423 2620 558 2691 quietum
576 2618 681 2693 Aeque
699 2622 885 2695 ponderibus
906 2634 967 2677 ooo
988 2624 1097 2693 oequte
1105 2623 1225 2679 conato
1232 2619 1324 2703 ferre)

238 2725 273 2775 et
293 2712 346 2798 qui
367 2710 459 2776 loeus
480 2712 557 2778 iude
580 2714 791 2800 corrigendus
812 2727 863 2780 eet
892 2712 923 2791 1,
947 2714 1037 2776 tort.
1057 2722 1222 2778 mucrone
1241 2725 1330 2785 dedat

239 2816 375 2894 (mooe)
395 2819 509 2892 Aequo
526 2822 713 2890 ponderibus
733 2827 832 2879 moto
851 2833 1044 2894 quatuorque
1060 2814 1215 2888 femmmr.
1241 2812 1328 2884 Νιιιιι

235 2924 326 2980 reete
350 2914 420 2995 jam
451 2911 528 2976 olim
548 2933 645 2992 oeque
665 2910 838 2997 legendum
852 2913 933 2976 'eree
959 2910 1205 2988 intellexeruut,
1241 2913 1329 3001 quod

238 3029 344 3080 tamen
358 3009 494 3078 Wakei.
515 3035 550 3077 re
574 3033 639 3077 non
660 3013 739 3078 tatia
758 3033 917 3098 perpensa
938 3031 1050 3076 ruram
1062 3011 1199 3097 expulit
1219 3015 1330 3082 Floret

237 3115 353 3198 igitur,
373 3123 409 3175 ut
431 3110 560 3197 ringula
582 3135 639 3198 per
657 3131 693 3178 aa
713 3114 890 3198 primordia
910 3108 1071 3196 aequabili
1091 3131 1218 3198 temper
1238 3128 1329 3182 motu

240 3215 312 3278 rina
335 3211 462 3276 offenso
488 3210 540 3276 vel
568 3211 669 3298 plaga
689 3212 892 3292 deciderent,
923 3212 969 3274 ita
988 3222 1025 3274 ot
1044 3232 1216 3298 numquam
1236 3217 1330 3301 quid·

238 3335 333 3400 quam
356 3312 460 3378 creari
489 3315 663 3396 potuissem
698 3326 754 3379 aot
775 3314 802 3378 ei
822 3312 1032 3379 nihilominus
1049 3313 1226 3396 potuisset,
1260 3328 1330 3385 tota

237 3425 354 3482 natura
374 3411 528 3498 ponderis
551 3411 681 3498 legibus
705 3411 871 3490 obediret,
908 3426 943 3477 et
964 3413 1115 3498 quoniam
1136 3432 1180 3476 ex
1200 3411 1330 3480 infinito

238 3532 369 3578 oausam
391 3529 489 3576 cauea
519 3524 727 3595 sequeretur,
760 3513 947 3578 necessitati
968 3512 1037 3575 eive
1056 3510 1124 3576 lato
1146 3525 1233 3578 erret
1251 3513 1331 3580 rub—

233 3618 331 3699 jetta.
376 3609 459 3676 'l'ole
480 3609 581 3674 latam
602 3621 639 3674 ot
658 3610 852 3696 expelleret,
874 3611 998 3675 iurauit
1018 3609 1180 3697 Epicurus
1199 3617 1331 3680 tertium

237 3735 373 3800 eumque
392 3711 609 3778 voluntarium
629 3711 876 3797 primordiomm
898 3724 1036 3789 motum,
1056 3733 1121 3798 quo
1144 3735 1184 3778 ea
1202 3735 1223 3777 a
1242 3727 1333 3778 reeta

238 3812 375 3878 cadendi
411 3813 500 3878 linea
532 3810 700 3896 paululum
734 3811 943 3881 declinarent
988 3810 1085 3887 Quot
1104 3812 1233 3878 Lueret
1257 3812 1331 3880 rto.

237 3935 307 4000 eqq.
328 3914 380 3980 hir
402 3911 511 3979 verbis
532 3909 635 3975 dixit:

327 4020 411 4078 Illud
431 4023 464 4078 to
482 4019 531 4076 ta
551 4033 673 4093 quoque
692 4027 722 4079 te
739 4023 832 4096 retra
855 4033 1035 4094 eoquoreere
1054 4031 1202 4078 ooemuo:

327 4117 481 4192 corporo,
503 4133 594 4195 quom
615 4121 760 4180 mortum
778 4128 896 4180 rectum
912 4135 971 4194 per
990 4122 1083 4181 tom
1098 4116 1255 4194 summaer,

326 4217 518 4278 Pondertdur
537 4221 675 4293 pomeriis
694 4224 963 4296 r'ooertotomporo
979 4217 1081 4294 futuro

328 4319 521 4392 incertique
541 4319 615 4378 lotio
634 4326 734 4392 spatio
754 4326 907 4399 depellere
922 4325 1074 4396 paulum:
1147 4374 1149 4377 ,

305 4457 310 4464 -
329 4419 458 4482 l'ootum
477 4417 560 4493 quod.
578 4417 745 4481 minumum
764 4430 915 4484 mutatum
934 4425 1037 4483 diem
1051 4420 1166 4495 potete-
