3567 5550
716 698 941 768 ..7-

279 888 311 941 et
330 883 509 955 contentane
519 879 727 937 &manorum
746 882 887 957 abenner,
908 889 943 940 at
959 896 1059 958 neque
1077 882 1170 941 acrttt
1187 884 1248 941 rtet
1266 888 1368 962 veltet,

279 977 366 1063 quod
387 976 558 1041 manifesto
578 994 655 1058 pro:
697 987 733 1037 ut
752 984 903 1040 necerim·
925 986 1047 1058 aalma
1063 983 1123 1040 etot
1141 985 1246 1055 veltet,
1277 983 1366 1065 poei-

278 1088 344 1140 tum
365 1090 426 1145 eet.
454 1076 532 1140 Pout
554 1095 635 1159 quae
658 1074 808 1161 exempla
830 1078 929 1141 etiam
947 1076 1099 1164 inprime
1121 1074 1179 1139 illo
1200 1073 1274 1142 loco
1287 1080 1368 1145 nilril

277 1176 503 1261 corrigendum
525 1196 598 1240 esre
620 1189 763 1262 apparet.
807 1178 915 1263 Atque
935 1178 1016 1243 haec
1038 1176 1207 1252 deblaim
1229 1178 1367 1265 denique

278 1276 320 1343 de
340 1277 496 1343 Cicerone
517 1276 693 1342 videndum
715 1290 776 1355 est,
797 1280 889 1361 cujus
908 1280 1063 1364 plurimos
1089 1300 1167 1343 eune
1189 1277 1289 1360 locos,
1313 1283 1368 1366 qui

279 1377 376 1463 vulgo
405 1378 602 1451 referuntur,
633 1376 744 1443 Madv.
767 1378 882 1443 meliut
908 1379 986 1443 milri
1015 1379 1196 1444 restituisse
1224 1380 1368 1461 videtum

280 1477 320 1542 de
338 1477 502 1543 nonnullis
512 1476 608 1540 valde
623 1476 844 1548 dubitaverim,
860 1477 959 1550 „Nam
980 1481 1088 1545 nescio
1109 1491 1216 1545 utrum
1237 1503 1314 1546 casu
1326 1504 1369 1547 un

276 1577 413 1642 coneilio
437 1579 480 1641 rit
501 1578 640 1655 lactum,
661 1593 697 1642 nt
719 1600 783 1644 non
803 1580 1100 1645 commemoraverit
1122 1581 1365 1647 memorabilem

277 1693 365 1743 certe
385 1674 492 1743 locum
514 1675 555 1741 dc
576 1679 680 1763 Legg·
704 1685 734 1759 2,
753 1681 784 1759 9,
807 1686 858 1744 22.
890 1689 1024 1745 Sacram
1046 1688 1256 1760 wmnttaeara,
1286 1690 1370 1761 qaod

277 1798 376 1857 aecae
396 1786 521 1852 enatant
537 1786 669 1858 potera,
701 1789 791 1861 impie
811 1790 1005 1845 commatum
1025 1791 1108 1854 θεῖος
1141 1790 1224 1858 queo
1242 1789 1368 1860 eantare·

274 1886 394 1957 poterit,
410 1886 715 1957 paraetacenen
735 1888 891 1962 captante.
914 1880 1044 1945 liamsh.
1062 1877 1114 1945 hic
1133 1901 1369 1965 quoqueneqae

277 1998 337 2064 pro
357 2000 418 2043 non
448 1981 580 2063 accipin
624 1982 722 2045 immo
753 1982 900 2068 explica:
940 1980 1026 2066 quod
1061 2001 1102 2043 ne
1135 1980 1261 2064 expiari
1290 1984 1366 2066 qui-

278 2078 372 2159 dem,
393 2078 422 2143 h.
443 2102 470 2143 e.
494 2080 578 2165 quod
602 2102 705 2165 neque
725 2082 790 2147 elio
811 2082 908 2147 modo
930 2084 1116 2168 procurari,
1145 2102 1248 2164 neque
1270 2086 1367 2145 etiarn

278 2182 407 2264 expiari
435 2181 561 2265 poterit.
604 2180 733 2248 Deinde
762 2204 825 2246 non
853 2184 1020 2248 consentio
1048 2182 1089 2245 de
1111 2180 1224 2265 'l'opic
1253 2184 1303 2246 23.
1333 2195 1370 2244 at

278 2289 307 2342 ei
327 2290 360 2343 ia
377 2287 455 2341 arbe
483 2284 562 2353 finer
589 2304 650 2344 noo
678 2297 846 2359 recreatur,
875 2305 932 2345 nec
952 2302 1036 2360 aqua
1056 2290 1095 2366 ιιι
1109 2288 1187 2342 arte
1208 2295 1365 2356 arceatur,

276 2379 330 2446 ubi
353 2377 466 2443 Madv.
487 2392 600 2443 contre
629 2400 739 2447 omues
765 2380 868 2445 libros
890 2403 932 2444 ne
964 2402 1048 2458 aona
1075 2389 1197 2460 quidem
1224 2380 1365 2445 scribere

278 2480 406 2546 mavult.
428 2478 498 2546 Nec
522 2481 624 2565 probo
648 2479 798 2567 denique,
822 2481 908 2567 quod
930 2480 1030 2545 Acad.
1045 2485 1078 2558 2,
1102 2483 1175 2545 135:
1198 2488 1368 2559 Sapientiae

277 2603 338 2645 noc
361 2579 490 2645 ttmeatil
522 2602 596 2657 nec,
624 2590 654 2643 rt
671 2593 778 2660 putria
800 2580 966 2647 detectio?
999 2590 1068 2645 Noa
1089 2580 1211 2645 doleat?
1243 2602 1317 2659 nec,
1338 2590 1368 2643 ιι·

277 2679 449 2755 deletura?
472 2678 645 2745 audaciore
658 2681 828 2747 verborum
841 2684 1019 2746 mutatione
1030 2684 1176 2766 scripsit:
1196 2689 1368 2759 sapiensne

277 2804 338 2846 aon
357 2791 479 2858 timeat,
513 2803 553 2844 ae
574 2791 680 2859 patria
700 2781 866 2848 deleatur?
901 2791 1102 2862 condoleat,
1133 2791 1162 2844 et
1183 2789 1282 2846 deleta
1301 2781 1365 2847 aa?

275 2883 466 2968 praesertim
494 2901 590 2964 quum
621 2881 704 2946 falsa
726 2886 809 2963 siut,
844 2904 927 2968 qrrue
947 2883 1128 2947 adnotavit:
1173 2879 1367 2959 „dicendum

277 2992 358 3058 erat,
381 2979 458 3065 quid
478 3001 517 3042 aa
536 2979 641 3059 fieret,
663 2983 800 3068 saplenti
821 2983 933 3049 timere
954 3005 1012 3068 per
1025 2982 1152 3046 Stoicos
1168 3003 1232 3046 non
1243 2980 1366 3060 liceret,

277 3103 343 3146 non
365 3080 443 3168 quid
464 3090 493 3143 er·
512 3079 623 3157 lieret3
660 3101 734 3148 narn
759 3086 788 3147 ri
809 3082 868 3161 lit,
906 3082 1014 3162 dolet,
1041 3096 1105 3147 non
1129 3081 1252 3149 'timet“.
1294 3080 1367 3146 Hac

278 3185 364 3248 enim
392 3182 518 3247 ratione
544 3181 680 3248 Graecis
710 3204 749 3247 eo
779 3197 941 3269 tempore,
978 3204 1042 3268 qno
1067 3184 1200 3248 Xerxes
1230 3183 1366 3267 patriam

277 3285 434 3360 vesuvit,
455 3303 519 3345 non
539 3282 677 3369 amplius
700 3285 831 3364 timere,
853 3284 914 3348 ced
934 3283 1046 3349 dolere
1065 3297 1187 3348 tuntum
1207 3283 1249 3346 de
1262 3282 1367 3368 patria

275 3382 432 3451 licuisset.
472 3381 564 3446 Haec
590 3383 769 3460 sufficiant,
803 3405 994 3469 quemquam
1016 3386 1153 3449 tortasse
1175 3404 1240 3447 non
1258 3395 1368 3446 tecen-

277 3481 336 3548 dus
358 3495 428 3548 erat
447 3485 538 3548 locus
562 3482 695 3551 Terent.
726 3483 814 3550 Eun.
835 3483 864 3561 1,
887 3492 919 3562 2,
942 3482 1013 3547 119.
1036 3483 1091 3546 ubi
1107 3480 1210 3547 Bentl.
1232 3503 1277 3546 cx
1295 3479 1370 3551 code·

277 3581 355 3651 Vnt.
375 3583 513 3668 recepit:
549 3592 654 3665 Neque
674 3591 730 3648 hoc
745 3589 859 3648 tacebit
878 3586 1047 3662 Parmeno,
1077 3605 1172 3668 quum
1194 3595 1269 3647 ante
1291 3601 1366 3646 enm

277 3706 322 3749 ex
351 3683 425 3750 aliie
452 3681 547 3752 codd.
574 3683 741 3750 ederetur:
784 3691 831 3749 Ne
863 3692 920 3748 troc
946 3694 1069 3764 cotom
1097 3693 1218 3750 tacebit.
1259 3680 1363 3764 Spero

277 3786 362 3848 enim
380 3789 450 3870 jam
472 3798 618 3870 apertum
643 3786 730 3863 lore,
773 3787 868 3851 etiam
890 3784 1034 3851 melioris
1059 3788 1133 3850 aevi
1153 3779 1365 3866 scriptoribus

276 3905 372 3950 utum
389 3886 569 3970 'particulae
590 3886 665 3964 nec,
705 3885 746 3950 de
768 3907 831 3971 quo
861 3885 1038 3973 loquimur,
1074 3903 1139 3946 non
1159 3903 1293 3967 prorsus
1315 3881 1364 3944 in-

277 3984 422 4050 auditum
443 4006 533 4064 etse,
554 3998 591 4050 ut
612 3989 646 4050 iu
667 3987 811 4052 Lucretii
833 3985 907 4051 loco
926 4000 1014 4051 recte
1036 3982 1134 4048 scribi
1154 3985 1277 4070 posuit:
1309 4003 1365 4045 nee

274 4087 391 4162 lineare
407 4106 541 4162 portame.

798 4252 839 4321 IL

362 4381 467 4458 Quem
492 4387 527 4449 in
556 4390 663 4472 priore
685 4391 871 4474 quaestione
893 4385 1035 4452 breviter
1056 4397 1177 4449 tentum
1198 4381 1362 4464 attigimus

276 4485 423 4552 Lucretii
446 4505 585 4570 nereum,
606 4486 740 4572 polliciti
753 4487 851 4574 paulo
871 4501 947 4572 poet
959 4484 1002 4550 ad
1013 4505 1087 4549 enm
1102 4503 1161 4549 nou
1175 4499 1363 4547 reversurae
