3567 5550
723 663 976 733 ...11-

307 851 404 925 uum,
452 862 542 922 quom
563 848 637 905 colu
660 842 777 903 lumino
800 862 929 921 curaque
947 849 1062 907 Imertt
1078 845 1217 917 fundunt
1236 851 1319 906 rutis·
1332 867 1393 929 per
1502 910 1505 917 f

306 965 404 1024 opaco
431 952 595 1007 murorum.
639 939 693 1006 Sic
724 943 835 1026 optimi
865 939 960 1008 codd.
981 941 1068 1009 unct.
1085 943 1195 1029 Lugd.
1217 950 1246 1008 t.
1268 950 1308 1025 2.,
1329 966 1395 1009 non

306 1052 622 1123 immam-rudior,
639 1039 726 1127 quod
747 1041 869 1106 Eichst.
891 1054 924 1105 et
948 1041 1047 1108 Foth.
1068 1046 1139 1109 siue
1160 1041 1278 1108 idonea
1296 1068 1395 1113 causa

306 1159 505 1231 receperunt.
546 1146 714 1209 Sententia
733 1142 813 1207 haee
835 1156 903 1207 estc
937 1142 1202 1231 quandocumque
1222 1147 1291 1209 sive
1318 1169 1396 1233 quo·

307 1268 442 1331 eumque
463 1259 605 1330 tempore
623 1244 735 1308 inserti
757 1244 840 1307 radii
860 1266 918 1329 per
939 1264 1041 1329 opaca
1057 1243 1225 1310 domorum
1246 1242 1328 1311 solis
1347 1246 1394 1312 lu·

305 1348 395 1411 mina
412 1344 566 1421 lundunt;
601 1357 636 1407 ut
655 1365 782 1424 cumque
803 1343 845 1406 ad
861 1364 958 1425 quum
977 1344 1153 1427 pertineat,
1186 1349 1278 1429 eujus
1295 1348 1395 1431 parti.

307 1446 398 1513 culae
421 1460 538 1511 natura
558 1469 579 1510 a
601 1444 659 1509 tali
672 1445 897 1527 conjunctione
919 1464 984 1507 non
1004 1444 1281 1528 magisabhorret‚
1303 1471 1396 1534 quem

306 1548 452 1634 quando,
487 1548 628 1632 quoties,
659 1541 831 1631 quomodo.
874 1540 960 1607 Nam
981 1556 1018 1608 ut
1039 1559 1179 1611 veterem
1198 1551 1397 1632 pronominis

306 1646 399 1713 relat.
420 1650 635 1712 accusativum
662 1644 902 1710 concedendum
929 1659 979 1710 est
999 1667 1092 1725 quom
1120 1648 1289 1731 particulis
1310 1649 1395 1716 relu-

307 1749 381 1813 tivis
402 1746 634 1813 accensendum
656 1769 736 1812 esse.
758 1744 804 1809 Et
817 1747 963 1831 quamvis
975 1742 1140 1811 Romanos
1160 1768 1397 1831 reveraquum-

305 1868 434 1928 cumque
455 1870 520 1913 uno
546 1846 704 1913 vocabulo
727 1850 875 1931 junctum
898 1845 1023 1912 dixisse
1042 1847 1114 1931 ipse
1135 1859 1266 1934 propter
1287 1850 1397 1935 ingra-

306 1960 374 2012 tum
392 1969 508 2013 sonum
530 1947 763 2036 dubitaverimq
786 1960 893 2013 tamen
913 1945 969 2012 ubi
982 1968 1110 2028 cuche
1122 1949 1155 2012 in
1168 1948 1283 2014 eodem
1296 1971 1397 2015 enun-

307 2050 392 2113 ciato
414 2052 554 2136 positum
575 2050 690 2128 luerit,
714 2071 779 2113 non
801 2049 921 2134 poterit
943 2069 1008 2111 non
1030 2048 1073 2111 ad
1093 2046 1281 2133 particulam
1303 2073 1398 2130 quum

306 2150 434 2230 referri,
467 2151 552 2215 sicut
579 2150 614 2213 in
637 2151 814 2214 enuntiatis
848 2148 1054 2234 aparticulis
1082 2150 1229 2237 qnando,
1262 2153 1398 2235 quoties,

308 2249 468 2334 quomodo
491 2249 717 2335 incipientibus
728 2272 856 2329 cumque
878 2248 990 2313 adeas
1003 2249 1180 2333 particulas
1193 2250 1399 2316 referendum

309 2361 370 2416 est.
404 2346 470 2423 Qut
491 2352 637 2434 sequitur
656 2349 746 2414 locus
768 2352 800 2427 3,
814 2349 885 2411 548.
906 2356 989 2411 uelut
1006 2371 1100 2411 auree
1120 2363 1211 2428 atque
1231 2359 1312 2412 ocule·
1326 2366 1401 2415 sont

305 2453 405 2529 Atque
425 2456 481 2511 ulit
493 2470 619 2529 censue,
642 2457 801 2529 quiritum
816 2469 944 2527 cumque
955 2454 1129 2526 qrcberaont
1146 2470 1166 2511 a
1182 2446 1253 2512 solo
1266 2448 1396 2515 Hondio

306 2548 369 2615 huc
397 2548 549 2627 trahitur,
591 2551 683 2633 enjus
716 2562 821 2613 tamen
860 2547 1103 2613 adnotationem
1138 2570 1204 2613 non
1236 2549 1397 2635 intelligo.

306 2648 462 2715 Fortasse
484 2671 523 2714 co
545 2648 738 2727 offenditur,
782 2647 867 2733 quod
888 2647 1021 2711 auribus
1043 2661 1139 2733 atque
1159 2647 1263 2713 oculis
1285 2651 1397 2737 appel-

306 2749 382 2816 latis
406 2750 604 2837 reliquorum
626 2770 777 2816 sensuum
801 2768 952 2813 numerus
973 2760 1079 2812 certus
1107 2771 1146 2813 ac
1167 2748 1319 2816 definitus
1340 2770 1397 2820 est.

305 2853 350 2918 Ae
371 2851 636 2937 quemadmodum
660 2873 752 2915 nemo
774 2847 1000 2934 reprehendet:
1031 2871 1145 2930 aures,
1166 2850 1252 2914 oculi
1273 2873 1398 2918 omnes·

307 2973 369 3037 que
399 2950 454 3015 alii
478 2971 610 3030 sensus;
654 2949 739 3015 haud
764 2953 871 3015 minus
892 2962 980 3014 reete
1001 2949 1120 3015 dictum
1143 2972 1214 3016 esse
1237 2951 1397 3021 arbitrort

306 3061 362 3116 ulii
382 3073 493 3116 neurus
512 3065 693 3134 quicumque
713 3062 805 3115 citam
820 3057 1000 3130 quierunut.
1025 3047 1093 3115 Nec
1106 3055 1224 3116 rectius
1238 3053 1399 3138 judicavit

307 3151 415 3218 Hand.
437 3152 479 3217 de
497 3149 623 3217 dnobus
637 3152 711 3218 aliis
732 3153 825 3232 locis,
847 3172 983 3237 quornm
1005 3149 1090 3215 alter
1111 3151 1144 3232 6,
1159 3156 1396 3222 1016.omnino

307 3251 448 3336 intelligi
471 3256 594 3338 nequit,
626 3255 690 3320 nisi
711 3253 941 3338 conjunxerint
967 3262 1176 3333 undecumque
1198 3265 1282 3318 toan
1303 3279 1398 3320 vnce-

305 3359 357 3433 fit;
388 3355 421 3417 in
451 3353 553 3418 altero
583 3365 691 3418 autem
711 3354 747 3434 4,
767 3355 840 3418 737.
885 3357 980 3415 Omne
998 3376 1097 3432 quoue
1118 3365 1261 3440 quomam
1279 3365 1399 3433 poesim

307 3463 475 3516 simulacra
486 3456 649 3532 feruutur,
673 3459 793 3516 Partim
809 3467 915 3531 epoute
927 3475 988 3515 ouo
1002 3473 1083 3531 quae
1098 3457 1178 3527 fiunt
1194 3475 1269 3522 aere
1278 3465 1311 3518 iu
1320 3465 1397 3538 ipro,

306 3539 529 3632 rerumquae
554 3562 651 3615 eunte
680 3561 719 3615 ab
740 3559 833 3616 rebus
854 3572 982 3630 cumque
1010 3561 1172 3631 recedunt,
1216 3554 1250 3617 id
1274 3567 1398 3620 tantum

308 3650 417 3736 quaeri
446 3661 570 3736 potest,
601 3674 657 3716 cnr
679 3663 776 3738 poeta
802 3665 876 3737 post
898 3651 1036 3738 simplex
1058 3675 1139 3734 quae
1158 3655 1276 3739 prioris
1297 3674 1398 3718 enun-

306 3753 380 3817 tiati
401 3752 435 3815 in
456 3749 559 3815 altero
580 3773 788 3834 quaecumque
808 3754 983 3836 scripserit.
1011 3752 1112 3836 Cujus
1132 3757 1180 3817 rei
1198 3773 1294 3816 causa
1318 3753 1398 3819 haec

307 3865 373 3930 est,
394 3850 480 3936 qnod
502 3851 598 3937 hujus
619 3850 753 3918 alteriue
774 3854 905 3938 generis
927 3852 1117 3932 simulacra,
1140 3873 1221 3937 quae
1238 3854 1278 3919 ab
1299 3854 1397 3926 rebus

305 3951 386 4036 ipsis
405 3950 577 4030 recedunt,
596 3952 695 4038 longe
710 3952 849 4038 plurima
872 3975 910 4019 ac
930 3955 1098 4039 potissima
1120 3966 1214 4032 snutq
1236 3975 1335 4040 qnare
1356 3955 1396 4020 de

305 4051 348 4114 iis
367 4049 467 4114 multo
490 4051 634 4116 maxima
653 4073 727 4138 pars
741 4055 840 4117 totius
854 4055 959 4140 quarti
970 4051 1047 4117 libri
1061 4055 1138 4137 agit.
1162 4051 1269 4120 Verba
1282 4058 1396 4141 igitur:

306 4170 514 4231 quoecumque
531 4162 628 4216 cortu
647 4160 686 4216 ut
708 4159 801 4216 rebus
820 4162 968 4216 recedunt
987 4153 1049 4218 hoc
1068 4155 1269 4243 significantt
1292 4158 1397 4221 omnis

307 4271 419 4314 eorum
440 4248 631 4332 multitudo,
654 4274 735 4340 quae
757 4255 857 4318 variis
878 4253 920 4318 ab
942 4254 1039 4321 rebus
1061 4257 1224 4324 recedunt.
1267 4255 1395 4324 Deinde

310 4348 413 4414 Orell.
435 4367 662 4419 commemorat
674 4357 706 4435 5,
720 4357 793 4421 583.
815 4369 851 4421 ut
869 4365 987 4421 ectortr
998 4369 1396 4438 ectremtecumqueuotato

310 4455 439 4533 (tuna),
466 4447 521 4512 nbi
544 4455 726 4519 necessario
747 4471 909 4540 utcumque
925 4458 1023 4543 jungi
1044 4455 1155 4536 debet,
1179 4471 1214 4522 nt
1232 4461 1288 4526 sit:
1317 4481 1394 4545 quo·
