3567 5550
602 720 934 793 .-51-

254 897 320 963 lile
342 912 449 965 autem
467 896 613 961 Lucretii
640 897 731 963 iocus
757 903 803 966 ite
827 919 1031 990 comparatus
1050 919 1119 986 cst,
1153 921 1187 973 ut
1205 912 1234 974 si
1255 912 1290 975 iu
1310 933 1351 977 eo

253 1006 413 1064 dettdrure
428 996 558 1084 probari
573 1001 688 1083 possit,
710 1002 743 1064 in
765 1001 868 1069 altero
882 1027 1009 1093 quoque
1026 1014 1142 1071 terrore
1162 1010 1241 1074 ferri
1254 1033 1351 1095 posse

255 1099 423 1177 videatur3
446 1100 640 1177 studemus,
663 1100 724 1165 hoc
736 1101 873 1169 aiterum
892 1129 933 1171 eo
948 1110 1054 1192 magis
1076 1111 1118 1173 sit
1132 1108 1350 1195 rejiciendum.

252 1202 394 1287 Legitur
415 1202 473 1267 iile
496 1201 643 1277 331100.
747 1218 751 1233 ¹

388 1312 459 1369 Nec.
469 1312 728 1381 prorsum-uttam
748 1314 889 1371 ducuudo
912 1318 1061 1373 dommus
1079 1319 1176 1374 tutum

324 1416 327 1423 '
390 1410 533 1484 Totumne
553 1411 591 1463 de
610 1414 734 1483 mortis,
759 1428 815 1469 uec
835 1412 989 1471 dettdrarc
1006 1419 1161 1490 notemus,

387 1513 555 1581 emmaus
569 1520 639 1564 estc
659 1512 713 1565 diu
732 1516 887 1583 possimus
902 1500 1005 1573 ¹morte
1021 1522 1160 1589 peremi.

251 1598 436 1687 Detr'drure,
458 1602 545 1691 quod
566 1602 618 1666 hic
641 1625 766 1691 quoque
789 1607 946 1673 translata
969 1608 1160 1676 detrahendi
1184 1612 1348 1697 significa-

253 1711 347 1773 tione
367 1708 543 1791 accipiunt,
576 1704 713 1775 Arancii
742 1712 900 1773 correctio
929 1722 978 1773 est
1001 1734 1019 1774 e
1042 1711 1188 1779 codicum
1208 1713 1347 1788 lectione

250 1817 426 1874 deliberare
429 1831 443 1887 ;
465 1827 547 1871 unrrs
568 1805 663 1871 Poor.
683 1821 715 1870 et
737 1806 787 1875 ed.
806 1809 893 1875 Junt.
910 1820 1055 1877 aelthere.
1087 1812 1206 1879 Verum
1224 1827 1261 1879 ut
1278 1818 1347 1901 opi·

252 1932 318 1974 nor
344 1931 384 1974 ea
415 1920 538 1972 tantum
566 1908 753 1973 conditione
775 1909 949 1976 Lueretius
978 1912 1167 1979 translatum
1197 1936 1291 1981 nsum
1312 1918 1346 1980 in

251 2010 364 2077 verbis
384 2007 524 2073 librnndi
547 2023 581 2071 et
602 2008 783 2075 delibrandi
810 2024 899 2079 reete
920 2010 981 2075 sibi
1005 2017 1221 2097 permisisset,
1254 2019 1282 2080 si
1304 2017 1347 2081 de

251 2110 352 2177 rebus
372 2123 537 2197 ageretur,
560 2132 693 2197 quarum
716 2110 758 2175 de
778 2110 950 2199 superficie
971 2114 1095 2204 sliqnid
1113 2106 1346 2181 detrahendum

189 2254 191 2263 ι
253 2227 362 2289 esset,
398 2210 484 2296 quod
505 2231 598 2275 nemo
627 2210 722 2277 incide
745 2212 786 2276 de
813 2217 927 2277 mortis
956 2227 1102 2297 tempore
1130 2229 1185 2279 eut
1206 2214 1248 2279 de
1269 2218 1347 2299 igne

252 2312 470 2379 contenderit.
513 2306 598 2373 Nam
621 2311 707 2395 qrrod
729 2310 882 2374 edilium
905 2312 947 2374 de
968 2311 1195 2377 morte·locum
1219 2317 1344 2392 attinet,

251 2411 392 2479 ridicula
414 2432 518 2496 paene
542 2408 754 2475 Wakefieldii
782 2408 977 2496 explicatio:
1019 2408 1116 2490 „Non
1143 2412 1288 2479 salernus
1311 2413 1345 2478 id

253 2536 274 2576 a
296 2526 441 2596 tempore
462 2512 575 2577 mortis
597 2509 776 2576 diminuere
793 2509 847 2575 vel
869 2509 1047 2589 deradere,
1068 2513 1156 2599 quod
1169 2536 1211 2579 ca
1228 2516 1272 2579 sit
1293 2536 1344 2579 re·

251 2616 344 2677 tiene
366 2612 408 2677 nd
430 2613 671 2688 aeternitatem,
700 2632 763 2697 qne
786 2626 902 2675 cortex
922 2614 1109 2677 tenuissima
1131 2628 1183 2679 est
1202 2616 1245 2681 ed
1264 2614 1344 2681 soli·

253 2715 330 2780 dum
351 2713 477 2779 arboris
496 2714 642 2798 integrae
666 2719 850 2778 truncum“.
895 2710 984 2797 Ignis
1006 2726 1112 2778 autem
1133 2713 1189 2780 ubi
1211 2729 1344 2802 propter

251 2818 458 2901 interjectum
475 2816 613 2898 spatium
635 2812 792 2878 oculisne
814 2815 972 2878 minorem
992 2813 1152 2892 ostendit,
1172 2836 1238 2880 non
1251 2831 1344 2902 perte

251 2919 405 2982 circuitus
427 2916 588 3000 privatus,
608 2913 665 2978 sed
687 2929 723 2978 ut
744 2915 814 3000 ipse
836 2929 933 3000 poete
955 2916 1017 2993 ait,
1039 2921 1233 2982 contractior
1252 2917 1343 2982 side-

253 3031 305 3081 tur·
330 3035 412 3080 esse.
461 3013 584 3080 Verum
613 3017 646 3078 in
677 3030 813 3102 utroque
841 3015 914 3080 loco
944 3015 1026 3082 ittud
1052 3020 1194 3083 maxime
1222 3020 1341 3104 egitur,

251 3130 288 3182 ut
309 3139 350 3181 ue
372 3139 472 3204 parva
493 3116 622 3200 quidem
644 3138 717 3200 pars
739 3117 874 3202 ej'us'de
896 3138 959 3202 qua
978 3138 1084 3182 serrae
1107 3115 1144 3182 fit
1164 3120 1214 3182 rei
1235 3119 1342 3184 detru-

251 3219 366 3294 hetur‚
404 3216 488 3302 quod
512 3219 616 3300 aptius
645 3217 821 3301 significari
854 3233 919 3282 oon
943 3218 1067 3304 potuit,
1088 3233 1094 3266 -‘
1108 3205 1203 3303 qdam
1234 3221 1341 3286 verbis

251 3327 367 3382 tiburtus
381 3329 444 3394 ,ant
460 3325 634 3400 'octonum
660 3339 740 3403 quae
762 3319 813 3383 his
833 3319 1018 3402 ipstsilocis
1034 3319 1180 3383 nonnulii
1192 3320 1341 3384 homines

252 3419 338 3484 docti
355 3422 424 3503 jem
446 3421 666 3483 restituerunt.
708 3417 826 3484 lisdem
848 3417 957 3482 verbis
983 3420 1080 3483 Lucr.
1102 3420 1236 3504 saepius
1254 3443 1342 3485 sem-

251 3541 372 3608 perque
399 3522 552 3616 itakusus
586 3530 654 3597 est,
688 3531 721 3580 ut
743 3511 901 3604 exiguum
926 3517 1050 3603 aliquid
1077 3519 1248 3588 detrahere
1269 3525 1340 3589 'sive

252 3643 383 3707 carpere
412 3619 576 3684 denotent.
605 3619 638 3698 3,
659 3618 732 3683 ttt.
763 3627 817 3682 Ntt
837 3627 881 3682 tot
904 3613 1038 3683 tionum
1056 3628 1097 3684 dc
1124 3633 1185 3687 toto
1213 3631 1341 3704 corpore

250 3746 379 3802 ecutae,
411 3721 486 3787 716.
508 3726 654 3783 Partitur
675 3727 799 3782 aaaron
819 3727 964 3800 quostiam
984 3726 1080 3787 stota
1098 3734 1228 3788 recessit
1246 3729 1340 3805 (aar.

250 3827 338 3903 um).
368 3823 401 3898 5,
419 3822 491 3890 261.
524 3829 609 3899 Erqo
626 3833 713 3886 terro
733 3828 788 3885 utt
805 3827 928 3885 libutrsr.
948 3825 982 3900 3,
999 3822 1050 3889 23.
1073 3845 1172 3902 oeque
1189 3832 1258 3888 otta
1275 3832 1340 3890 Ber

251 3929 349 3987 enimi
366 3943 474 4000 paoem
495 3928 615 3986 uertat
637 3921 670 3998 6,
691 3922 763 3988 622.
784 3931 835 3987 sot
854 3929 1002 3986 Humorts
1018 3943 1151 4001 paruam
1169 3933 1281 3992 dctidet
1297 3936 1338 3994 ab

251 4043 387 4103 aequore
412 4036 539 4099 partem.
583 4021 788 4107 Quapropter
820 4045 860 4088 eo
891 4025 999 4087 miuus
1031 4021 1242 4091 dubitandum
1272 4041 1336 4107 est,

251 4125 330 4210 quin
353 4121 456 4186 altero
475 4120 547 4186 loco
566 4131 676 4204 litant,
701 4122 803 4188 altero
822 4130 961 4186 murare
978 4126 1093 4208 reponi
1115 4123 1252 4203 debeat,
1271 4147 1335 4209 quo

251 4224 384 4309 saepius
408 4227 523 4285 tidros-e
552 4235 585 4288 et
608 4231 720 4305 titarc,
752 4229 907 4286 detttrdre
934 4234 968 4286 et
995 4231 1131 4290 delitare
1152 4247 1173 4286 a
1193 4222 1336 4288 librariis

250 4323 387 4390 confuse
408 4333 492 4388 sunt.
531 4319 642 4408 ltaque
662 4338 830 4411 postquam
842 4321 941 4389 buu.
961 4324 1042 4390 haec
1059 4325 1101 4388 de
1120 4327 1196 4407 igne
1214 4322 1336 4410 docuit,

251 4417 492 4490 conclusionem
513 4422 556 4487 ed
578 4423 681 4488 solem
702 4424 764 4491 hoc
783 4424 879 4496 modo
900 4420 995 4490 facit:

380 4529 513 4590 Proinde
531 4533 617 4590 calor
635 4536 778 4606 quoniam
795 4534 872 4593 sots'o
890 4535 1051 4604 monendus
1063 4521 1230 4685 picturum
1285 4579 1293 4590 .

1116 4625 1131 4658 2
