3567 5550
843 711 1103 785 ...Μ-ω

430 906 548 972 florum
568 901 825 989 procreationem
847 911 922 963 ante
943 894 1085 982 Zephyri
1112 913 1208 959 auras
1229 890 1303 957 fieri
1321 910 1389 955 non
1410 909 1529 977 possa,

433 1008 464 1073 si
494 1001 703 1071 nihilominus
733 999 904 1087 praegredi
931 997 1089 1077 audeant,
1125 992 1223 1059 facile
1249 992 1326 1058 illos
1353 995 1378 1054 'a
1403 989 1528 1075 frigido

433 1100 680 1187 Boron-subigi
709 1115 806 1187 etque
833 1099 908 1183 cogi
936 1110 974 1162 nt
1002 1094 1189 1182 Zephyrum
1219 1104 1429 1178 exspectent,
1462 1115 1530 1179 quo

309 1193 311 1199 ⁵
434 1207 565 1273 ιὶιιιιιιιιι
584 1206 762 1271 comitante
779 1214 813 1265 et
833 1210 958 1264 tutante
976 1196 1212 1283 pulcherrimus
1232 1195 1292 1260 ille
1314 1195 1431 1259 florum
1452 1215 1533 1258 sua-

434 1307 638 1373 vissimorum
667 1304 755 1367 nitor
778 1300 930 1378 exsistit,
965 1300 1019 1384 qui
1041 1297 1161 1362 Florae
1184 1299 1316 1361 nomine
1338 1294 1536 1382 appelletur.

435 1402 546 1481 Quare
567 1401 761 1486 intelligitur
775 1399 996 1486 negligentiae
1009 1401 1163 1464 Lucretio
1184 1398 1469 1486 reprehensionem
1493 1395 1535 1461 eh

437 1507 479 1571 iis
500 1500 664 1582 contrahi,
689 1502 745 1588 qni
766 1500 898 1567 Floram
917 1498 985 1567 h.l.
1000 1497 1152 1584 Zephyro
1175 1519 1302 1584 quoquc
1324 1500 1421 1564 flores
1439 1519 1536 1585 prae·

438 1624 593 1691 sporgere
604 1602 735 1671 iaciant
744 1601 868 1669 Varum
891 1617 941 1666 ne¹
954 1602 1087 1665 minima
1110 1599 1243 1687 quidem
1258 1600 1440 1666 litterarum
1460 1622 1537 1664 mu-

440 1705 564 1771 tatione
586 1726 668 1793 opus
688 1716 755 1785 est,
778 1716 815 1769 ut
835 1725 875 1768 ea
896 1700 1105 1789 reprehensio
1128 1700 1263 1767 tollatur
1284 1715 1318 1767 et
1334 1704 1444 1767 omnia
1462 1699 1539 1787 pul·

442 1804 519 1872 chra
539 1819 572 1869 et
593 1817 670 1891 apte
681 1808 810 1871 ratione
828 1803 1015 1889 procedent
1051 1801 1132 1868 Sole
1147 1804 1363 1889 interpunctio
1382 1801 1539 1868 mutanda

447 1918 480 1969 st
502 1904 602 1971 verba
620 1908 654 1971 in
675 1906 760 1971 hune
777 1906 908 1972 modurn
918 1904 1251 1990 conjungendarum:
1271 1910 1303 1969 It
1316 1911 1378 1968 Ver
1389 1918 1421 1967 et
1431 1910 1540 1966 Venor
1596 1969 1598 1996 Ι

444 2016 474 2067 ιιι
484 2011 614 2069 Vcnorts
626 2018 832 2083 praenuntius
844 2021 917 2071 orreo
929 2006 1252 2091 Pcrmotnsjqradttnr,
1265 2013 1401 2086 Zephyri
1409 2013 1541 2081 oestiqio
1596 2037 1598 2082 l

442 2114 568 2183 moror
580 2110 676 2169 lllorn
694 2116 805 2188 putten
825 2121 926 2171 mater
938 2128 1167 2185 praespargens
1180 2122 1235 2173 oct.
1261 2106 1335 2173 Non
1347 2106 1435 2169 enim
1443 2102 1539 2167 duhi·
1596 2117 1598 2120 “

447 2218 492 2283 to,
516 2204 593 2290 quin
614 2211 834 2294 unusquisque
855 2211 1054 2293 inponnoto
1076 2205 1223 2275 Veneris
1238 2203 1542 2295 praenuntioCupi·
1596 2230 1598 2233 >

449 2303 563 2371 dinem
581 2307 689 2373 stetim
709 2320 876 2391 agnoscat,
896 2316 943 2372 tut
962 2329 1085 2387 senrper
1093 2314 1415 2389 tanmempoemn,
1436 2317 1474 2369 nt
1496 2307 1544 2369 ait

446 2404 561 2473 Horat.
585 2405 648 2473 Od.
664 2407 692 2488 1,
710 2410 762 2491 32,
786 2410 836 2475 10.
859 2410 889 2474 is
910 2412 1037 2497 qnoque
1056 2409 1107 2474 his
1126 2409 1328 2497 simplicibus
1343 2405 1458 2472 'verbis
1479 2426 1545 2467 no-

447 2507 535 2569 mine
557 2508 630 2590 ipso
650 2528 716 2571 noo
736 2508 847 2573 addito
860 2509 1014 2574 Amorem
1027 2511 1108 2573 ratis
1123 2507 1326 2593 significasse
1340 2507 1544 2573 existimans

449 2602 543 2670 Ordo
572 2614 682 2673 rernm
706 2614 843 2674 ιιιιιιιιιι
865 2612 937 2693 jam
958 2616 1093 2696 prorsus
1113 2608 1373 2673 accommodatus
1395 2608 1449 2672 hio
1469 2619 1544 2672 est:

448 2702 481 2771 lt
499 2704 569 2771 Ver
589 2693 623 2774 ct
641 2706 755 2776 Vanus
778 2712 911 2796 ejusque
931 2707 1296 2796 praenuntiuscopido‚
1314 2706 1430 2796 quihus
1442 2706 1545 2771 Flora

450 2807 576 2874 colores
596 2831 674 2876 snos
695 2816 913 2898 praespargit‚
932 2813 1004 2896 ipsa
1023 2831 1135 2876 rursus
1153 2810 1297 2897 Zephyri
1317 2809 1473 2894 vestigiis.
1485 2809 1547 2873 ed·

449 2910 597 2978 haerens.
629 2911 725 2996 ¹Apte
748 2924 857 2978 nutem
878 2908 1006 2997 Cupido
1030 2923 1068 2974 ιιι
1086 2911 1228 2978 Veneris
1257 2910 1468 2997 praenuntios
1489 2909 1547 2974 hic

452 3019 734 3095 commemoratur,
756 3013 910 3097 quonism
932 3011 1202 3096 gaudial'cneris
1219 3015 1293 3102 ipsa
1310 3011 1429 3096 cupido
1449 3033 1547 3100 prae·

452 3107 556 3177 cedit..

538 3411 723 3484 Admodum
743 3415 962 3482 memorabilis
983 3416 1131 3483 codicum
1151 3416 1315 3502 corruptio
1336 3428 1403 3498 est,
1434 3415 1491 3481 uhi
1510 3419 1547 3482 in

455 3531 551 3580 sexto
581 3515 669 3580 libro
698 3530 805 3585 terrae
830 3532 937 3584 motus
963 3533 1092 3603 praeter
1112 3517 1194 3584 alias
1214 3539 1329 3583 causas
1348 3516 1427 3583 inde
1448 3518 1549 3582 etinnr

455 3616 547 3682 nasci
565 3637 663 3700 posse
685 3618 850 3696 dicuntur,
882 3617 968 3705 quod
994 3633 1151 3686 ventosae
1171 3619 1364 3708 speluncae,
1394 3637 1494 3702 rupes
1514 3615 1551 3680 et

455 3737 550 3793 sexa,
573 3713 665 3782 lacus
685 3730 719 3782 ot
736 3715 904 3782 recondite
924 3719 1058 3785 flumina
1076 3724 1111 3783 in
1132 3721 1245 3786 inieris
1263 3732 1368 3783 terroe
1381 3715 1465 3781 locis
1481 3737 1550 3782 non

456 3819 562 3880 minus
588 3839 682 3902 qnam
703 3821 738 3884 in
758 3820 884 3906 superis
906 3830 1043 3883 exstent
1083 3819 1136 3884 De
1161 3819 1345 3885 fluminibus
1369 3840 1399 3883 v.
1417 3811 1492 3886 540.
1513 3821 1551 3883 in

457 3915 588 3998 optimis
609 3919 774 3986 codicibus
804 3920 911 4005 lugd.
931 3919 962 3984 1.
986 3921 1017 3985 2.
1040 3920 1121 3987 haec
1140 3921 1311 4007 leguntur:

583 4025 744 4102 Multoque
765 4028 823 4083 sut
844 4033 930 4099 terro
949 4031 1048 4085 terror
1064 4027 1196 4100 [lom
1215 4034 1296 4084 tecto

588 4125 716 4184 Vulnere
735 4132 766 4185 oi
783 4127 898 4200 fluctos
915 4128 1091 4186 submersor
1108 4128 1316 4199 caputmrdom
1336 4133 1394 4188 est.

457 4217 593 4286 Paulum
606 4220 716 4285 differt
725 4228 895 4288 mortereis
903 4233 1111 4301 οαριιιιιιιιιιιιιι
1119 4217 1313 4286 ostioliodl.
1325 4233 1358 4286 et
1378 4219 1452 4286 edd.
1470 4217 1553 4285 Ver.

458 4319 542 4386 Ven.
566 4337 599 4387 et
617 4329 792 4388 submersor
805 4346 844 4386 eo
861 4336 927 4402 put
947 4321 1122 4398 inBrit1.;
1143 4321 1177 4384 in
1199 4318 1274 4385 aliis
1295 4319 1460 4387 codicibus
1476 4319 1554 4386 fieri

460 4441 526 4486 non
547 4427 666 4510 potuit,
680 4426 759 4511 quin
780 4420 947 4487 mutilatur
968 4442 1081 4486 versus
1102 4422 1202 4486 variis
1224 4422 1332 4486 modis
1351 4419 1553 4488 reficeretur.

462 4518 542 4590 Brit.
551 4529 756 4594 hrotam
765 4532 969 4606 tremorem.
977 4520 1031 4590 ed.
1041 4520 1445 4603 Brixmonmaoano,
1454 4520 1555 4594 Poor.
