3567 5550
861 692 1089 764 ..e..

438 892 529 949 esse,
553 872 583 935 is
605 871 736 937 secundi
758 872 832 939 libri
853 874 947 938 initio
970 872 1108 958 legitur,
1130 872 1205 949 ubi,
1227 885 1263 936 ut
1281 876 1466 965 plerumque
1487 885 1522 944 in

435 970 592 1061 librorum
613 973 758 1038 exordiis
779 974 924 1039 Lucretii
944 972 1041 1037 Musa
1059 973 1205 1039 altiorem
1227 976 1376 1061 spiritum
1396 983 1523 1062 sumsit,

435 1074 656 1160 pulcherrimis
675 1073 822 1139 versibus
843 1072 939 1137 beata
958 1076 1113 1159 sapientis
1135 1074 1195 1138 viri
1216 1080 1309 1160 quies
1331 1079 1524 1160 celebratur,

436 1193 498 1260 qua
516 1175 615 1239 veluti
637 1198 681 1241 ex
704 1176 792 1240 edito
823 1173 941 1261 templo
967 1172 1103 1238 humiles
1121 1174 1252 1240 hnmani
1274 1183 1404 1261 generis
1425 1202 1521 1245 ouras

436 1271 598 1359 despiciat.
637 1274 730 1341 Nihil
760 1276 843 1339 enim
873 1287 1000 1358 praeter
1028 1280 1132 1341 omnis
1158 1275 1282 1340 doloris
1308 1283 1522 1345 remotionem

435 1394 456 1436 a
473 1387 589 1439 natura
617 1375 658 1440 ad
683 1396 838 1439 summam
860 1374 1056 1459 voluptatem
1077 1376 1216 1463 requiri,
1250 1399 1355 1461 neque
1377 1378 1522 1463 splendi-

436 1470 605 1538 dissimum
633 1488 770 1539 sumtum
798 1466 903 1561 qualis
933 1474 1020 1561 apud
1047 1478 1229 1542 Phaeacum
1256 1498 1365 1561 regem
1393 1482 1522 1565 conspi-

436 1594 514 1637 cuus
536 1573 654 1654 inerit,
690 1574 851 1639 beatiores
873 1575 1010 1640 reddere
1037 1576 1205 1656 homines,
1241 1600 1336 1663 qnam
1359 1579 1522 1663 simplices

435 1673 469 1735 in
489 1676 636 1757 gramine
656 1674 717 1740 sub
738 1676 864 1740 arboris
884 1676 1000 1741 umbra
1020 1691 1053 1742 et
1074 1678 1116 1742 ad
1135 1678 1233 1742 fontis
1250 1702 1365 1765 aquam
1381 1693 1522 1765 prostra-

401 1816 402 1819 ,
436 1788 540 1839 torum
552 1776 675 1861 epulas.
698 1774 811 1841 Verba
833 1776 977 1841 Lucretii
996 1801 1027 1842 v.
1049 1778 1099 1843 20.
1119 1778 1200 1843 haec
1220 1793 1310 1843 sont:

489 1914 490 1921 ι
558 1883 643 1955 llryo
665 1897 844 1957 corpoream
864 1887 906 1943 art
922 1892 1070 1944 naturam
1083 1902 1188 1957 patroc
1208 1890 1345 1945 videmus

560 1984 641 2041 lirae
661 2001 738 2059 opos
757 1990 896 2055 omnino,
915 1999 996 2057 quae
1017 1989 1140 2044 demam
1161 2003 1290 2061 eumque
1312 1990 1456 2060 dolorem,

562 2082 837 2159 veneramurque
858 2088 905 2143 utr'
924 2088 1037 2144 multoe
1053 2088 1248 2146 substernere
1264 2094 1400 2161 poesin&

565 2180 694 2241 Gratius
710 2187 862 2243 interdum
879 2200 977 2258 oeque
995 2193 1112 2244 natura
1130 2190 1201 2262 ipro
1223 2192 1369 2263 requirit:
1390 2237 1394 2243 .

563 2284 601 2351 Se·
620 2300 683 2342 noo
705 2299 804 2344 aurea
819 2291 894 2341 runt
904 2282 1059 2355 juvenum
1077 2289 1246 2346 simulacro
1267 2305 1326 2367 per
1344 2294 1459 2363 aedeis,

566 2385 742 2459 lampadae
763 2382 914 2459 iqntferae
930 2387 1073 2462 montom
1092 2393 1254 2447 retinentia
1272 2393 1404 2464 demeris,

563 2484 697 2541 humina
714 2488 871 2543 nocturnis
892 2487 991 2557 epulis
1009 2493 1046 2545 ut
1063 2490 1311 2561 meppedr‘tcotum

561 2586 627 2643 Nec
643 2587 751 2644 domur
771 2592 898 2658 eruente
917 2581 1017 2657 frctqet
1035 2602 1173 2661 auroque
1193 2590 1320 2658 renidet,

564 2684 629 2742 Nec
647 2687 785 2745 minorue
804 2687 932 2745 reboant
952 2688 1096 2761 laqueata
1115 2694 1290 2761 aurataque
1308 2691 1439 2761 tenrpla:

565 2788 662 2856 Quom
682 2795 783 2846 terrea
803 2793 883 2848 inter
903 2802 939 2845 re
956 2787 1110 2860 prostrati
1126 2790 1314 2862 morentiae
1332 2789 1416 2844 motta·

562 2889 693 2962 Propter
711 2905 812 2963 aquae
831 2888 933 2945 doum
950 2889 1010 2945 eoo
1029 2891 1127 2947 ramis
1142 2889 1263 2948 arboris
1282 2891 1376 2960 atae,

563 2989 633 3048 Non
654 2991 773 3061 mannis
793 2989 901 3062 opidum
914 2986 1054 3060 jacturae
1074 3006 1204 3063 corpora
1222 2994 1340 3046 curant.

496 3083 571 3151 lloc
592 3083 720 3169 quidem
742 3081 887 3169 plerique
909 3084 1052 3149 editores
1072 3097 1158 3148 recte
1179 3080 1427 3158 intellexerunt,
1451 3103 1523 3146 ver·

437 3203 524 3249 sum:
549 3191 683 3248 Deliciae
703 3205 822 3264 quoque
839 3185 889 3249 uti
897 3193 1012 3248 multoc
1023 3191 1359 3262 euteteruercpoeetot
1372 3181 1413 3245 od
1432 3195 1524 3246 ante·

437 3285 587 3350 cedentia
608 3283 811 3349 referendum
825 3306 905 3349 esse.
934 3282 1114 3370 Numquae
1135 3283 1211 3347 inde
1232 3283 1391 3347 sententia
1406 3284 1524 3346 oritur:

437 3406 579 3472 eaquae
602 3383 745 3450 dolorem
768 3385 914 3464 demant,
935 3383 1032 3448 simul
1054 3385 1216 3450 hominem
1238 3383 1338 3447 multa
1358 3381 1524 3478 voluptate

438 3481 581 3564 afficere,
603 3485 686 3551 bene
707 3485 855 3570 congruit
874 3506 947 3549 cum
964 3485 1096 3569 Epicuri
1116 3483 1267 3569 dogmate
1289 3484 1375 3569 apud
1396 3480 1524 3548 Cicero·

439 3606 514 3650 nem
536 3585 578 3648 de
597 3585 672 3650 Fin.
695 3593 724 3660 1,
749 3589 800 3662 11,
824 3584 875 3648 37.
906 3593 960 3649 Sic
980 3596 1013 3648 to
1033 3595 1115 3649 emm
1132 3607 1168 3649 re
1188 3595 1301 3650 doloris
1322 3593 1432 3653 amotio
1451 3605 1525 3646 eue-

439 3694 605 3750 tersionem
625 3687 722 3764 efficit
740 3693 912 3764 uoluptatis.
942 3684 986 3748 lb.
1002 3688 1019 3760 S
1036 3691 1087 3750 38.
1107 3693 1188 3750 raon
1205 3692 1286 3749 enta
1305 3692 1416 3762 macor,
1429 3704 1526 3761 quom

438 3792 521 3848 omni
540 3793 878 3864 semermemque»
898 3793 985 3848 modo
1005 3793 1189 3864 uoluptatem
1211 3806 1290 3863 ease,
1308 3802 1415 3846 amum
1432 3790 1525 3846 etiam

437 3903 588 3947 sumnam
606 3893 798 3965 voluptatem.
828 3883 893 3949 Sed
915 3904 954 3948 eo
978 3885 1065 3970 qnod
1081 3898 1268 3971 sequentem
1288 3905 1416 3950 versum
1429 3883 1525 3969 vulgo

439 3983 703 4066 interpretentur:
746 3985 908 4051 interdum
938 4006 980 4049 ne
1007 3998 1122 4050 natura
1148 3985 1278 4072 quidem
1306 3987 1380 4066 ipsa
1401 3986 1525 4068 gratius

438 4082 591 4168 requirit,
612 4098 742 4168 cogunt,
762 4089 910 4152 uttotius
928 4085 990 4151 loci
1014 4088 1208 4152 sententiam
1229 4085 1265 4145 iu
1286 4083 1372 4148 hunc
1393 4085 1524 4150 modum

440 4182 693 4251 conformemus:
728 4190 852 4272 gratius
873 4207 968 4273 quam
990 4185 1113 4251 doloris
1133 4184 1345 4249 remotionem
1363 4186 1527 4253 interdum

439 4302 481 4346 ne
502 4297 616 4350 natura
644 4284 772 4372 quidem
799 4287 873 4373 ipsa
893 4287 1045 4370 requirit:
1090 4285 1215 4347 etiamsi
1245 4306 1309 4349 non
1332 4289 1397 4351 sint
1427 4308 1526 4351 aurea

435 4384 589 4465 juvenum
607 4385 778 4452 simulacre
798 4397 857 4450 cet.
889 4381 982 4459 Quae
1002 4395 1039 4445 ut
1055 4395 1180 4450 taceam
1203 4382 1245 4449 de
1265 4385 1403 4472 simplici
1422 4396 1451 4449 et
1466 4409 1525 4473 pro

438 4491 558 4550 mutnet
576 4488 701 4570 posito,
721 4496 853 4572 propter
871 4481 954 4550 wduas
973 4485 1174 4571 potissimum
1193 4508 1308 4554 musas
1329 4509 1349 4552 a
1370 4487 1526 4554 Lucretio
