3567 5550
390 2026 580 2117 ‘Quatum
629 2034 720 2105 enni
770 2035 1075 2131 praeterierunt,
1128 2041 1378 2129 posteaquam

279 2146 452 2236 TUAM,
487 2146 572 2221 vlu
598 2148 976 2238 PERlLLUS'l'RlS,
1009 2150 1292 2223 institutionem
1316 2174 1378 2222 re·

285 2269 399 2362 liqui,
444 2266 504 2339 cui
531 2272 712 2360 quantum
740 2291 809 2363 ege
837 2268 1002 2340 debeam
1027 2265 1155 2338 dicere
1184 2290 1263 2339 ncu
1290 2288 1378 2362 pes·

285 2406 382 2459 sirm.
434 2381 509 2455 Per
534 2382 631 2455 illud
656 2397 809 2480 tempus
844 2400 1131 2477 nonnumquam
1155 2382 1313 2479 quidem
1337 2394 1379 2456 ut

286 2504 328 2575 in
354 2501 495 2575 itinere
524 2510 565 2570 et
597 2502 758 2575 transitu
784 2498 854 2572 ΤΕ
881 2498 1127 2572 convenirem
1153 2522 1199 2572 ac
1225 2497 1377 2574 'ilicum

289 2620 526 2713 colloquerer
548 2618 740 2713 ‚contigit3
781 2616 849 2689 md
882 2640 981 2713 quae
1018 2616 1078 2687 his
1105 2618 1216 2692 annis
1241 2628 1379 2691 tractu·-

284 2756 368 2810 rem
393 2747 432 2808 et
458 2756 532 2832 quc
557 2734 798 2808 studiemea
823 2733 1048 2823 tenderent,
1073 2756 1205 2807 eorum
1231 2735 1377 2810 nullum

280 2855 365 2948 jam
393 2864 435 2925 ut
448 2851 541 2924 clim
564 2854 759 2948 specimen
778 2849 878 2922 TlBl
892 2873 1112 2946 preponere
1129 2853 1249 2947 potui.
1279 2850 1377 2928 frate

285 2971 405 3044 velim
432 2969 629 3066 specimen
652 2971 744 3043 haec
765 2969 816 3043 sit
838 2989 955 3065 quem
970 2969 1152 3042 manibus.
1167 2970 1250 3064 jam
1268 2980 1378 3046 tenes

285 3071 576 3183 scriptiuncula,
614 3110 712 3186 quae
744 3099 788 3161 ut
825 3088 989 3182 benigne
1015 3107 1040 3158 a
1065 3083 1133 3158 ΤΕ
1159 3088 1378 3182 excipietur

284 3203 538 3286 vehementer
568 3226 661 3302 rege
692 3220 805 3304 etque
842 3217 948 3302 epto.
998 3202 1053 3276 At
1070 3205 1239 3298 ‚gravior
1264 3224 1378 3281 cauta

283 3343 348 3392 mc
375 3323 531 3418 impulit
555 3335 598 3396 ut
625 3345 725 3398 nunc
748 3327 874 3422 ipsum
902 3321 972 3395 has
1004 3318 1106 3394 'flul
1129 3320 1277 3396 elmar
1300 3332 1378 3400 tru-

284 3437 429 3510 derem.
478 3439 742 3518 Gratulaturus
768 3441 903 3516 adsum
926 3441 1052 3524 diem,
1079 3439 1144 3534 qui
1159 3438 1280 3512 instet
1293 3440 1376 3532 jum

284 3555 455 3626 emnium
484 3559 777 3636 candidissimus
799 3561 1020 3652 cunctisque
1047 3554 1112 3652 qui
1138 3555 1248 3632 benis
1275 3557 1377 3630 litte-

281 3673 335 3746 ris
370 3671 539 3768 gaudent
573 3675 805 3750 laetissimus
815 3728 826 3764 ,
870 3697 961 3747 eum
986 3674 1111 3762 diem,
1151 3662 1225 3768 quc
1249 3673 1377 3768 primo

283 3801 374 3861 ente
409 3774 486 3864 lrcs¹
515 3793 790 3890 quinquaginta
823 3813 944 3868 annes
978 3789 1144 3865 docendi
1171 3809 1309 3864 munus
1334 3789 1386 3861 in·

282 3903 546 3982 Universitnte
572 3908 764 4006 Lipsiensi
787 3911 929 3984 adiisti.
981 3909 1047 3980 Ex
1071 3929 1144 4002 quc
1166 3905 1260 3979 inde
1280 3917 1377 3979 tem·

281 4045 375 4118 pure
402 4037 545 4119 quauta
574 4037 615 4098 ct
640 4047 752 4122 quam
777 4027 1079 4100 innumerabilia
1105 4021 1208 4098 TUA
1231 4027 1310 4099 sint
1333 4025 1375 4096 in

282 4137 431 4211 litteras
463 4145 605 4216 merita
638 4163 717 4215 nun
752 4156 844 4241 putc
880 4165 1011 4216 meum
1038 4164 1123 4216 esse
1148 4140 1373 4239 praedicare

281 4275 354 4328 uec
380 4257 473 4330 satis
500 4259 614 4356 digne
643 4284 712 4358 ego
738 4261 780 4334 id
797 4260 1104 4359 facerepcsscm.
1138 4259 1184 4330 In
1201 4260 1373 4332 omnium

284 4373 387 4446 enim
415 4395 481 4457 cre
502 4389 592 4449 sunt
613 4399 657 4451 cc
682 4400 835 4477 semper
853 4392 986 4471 erunt,
1015 4401 1131 4476 quum
1149 4398 1374 4450 munumen-

282 4500 363 4563 tum
389 4490 439 4565 iis
467 4492 566 4566 'l'llll
592 4498 768 4590 exegeris
794 4519 885 4569 aere
912 4497 1121 4594 perennius
1142 4515 1266 4591 neque
1291 4516 1372 4567 um·
