3567 5550
685 686 936 761 ...39-

262 874 348 931 modo
369 875 429 931 etbr'
456 881 491 932 ut
506 880 671 946 parcerent
690 878 837 933 aracusa.
880 868 966 934 'l'om
985 890 1063 935 varo
1092 868 1162 934 siae
1184 864 1284 933 dubio
1307 888 1353 931 ex

264 968 357 1033 Cant.
384 969 496 1054 Pomp.
524 966 632 1032 Ambr.
663 967 867 1039 scribendum
900 982 967 1035 est:
1008 982 1180 1049 matare
1207 974 1351 1048 adorans

262 1089 359 1153 quum
379 1070 428 1133 sic
447 1066 574 1135 demum
596 1072 775 1134 sententiaa
792 1073 883 1154 justa
899 1073 1026 1134 rationu
1047 1090 1083 1133 se
1096 1070 1275 1154 excipiant,
1296 1090 1352 1153 op·

261 1168 379 1251 positis
398 1171 484 1232 inter
503 1192 550 1251 se,
567 1170 650 1255 quod
673 1192 750 1235 arva
773 1170 857 1235 letus
879 1170 1009 1257 quidem
1027 1172 1156 1255 parcius
1176 1169 1285 1246 edant,
1306 1167 1355 1233 la·

262 1266 373 1367 boram
395 1280 506 1335 conus
524 1282 672 1355 augeant.
717 1270 863 1356 Signum,
883 1294 946 1359 quo
964 1270 1075 1336 littera
1091 1292 1124 1335 tn
1143 1274 1177 1335 iu
1188 1268 1353 1336 codicibus

261 1368 398 1433 indicari
419 1367 562 1449 solebat,
582 1369 738 1435 facillime
759 1371 860 1438 deleri
880 1374 996 1457 potuit.

764 1536 849 1603 Vlll.

345 1666 476 1733 'l'ertius
502 1666 588 1733 liber
614 1681 699 1735 totus
730 1684 874 1738 versatur
908 1671 1062 1737 inanimi
1084 1685 1199 1736 natura
1229 1671 1353 1737 descri-

261 1765 387 1845 benda,
424 1788 526 1855 quem
545 1771 713 1835 mortalem
744 1794 815 1837 esse
841 1786 877 1837 ut
905 1790 1022 1857 corpus
1042 1768 1201 1857 Epicurus
1233 1775 1351 1859 quovit

259 1867 396 1952 pignore
418 1870 568 1933 evincere
589 1870 747 1937 studebat.
791 1872 925 1939 Scilicet
945 1872 1006 1936 hac
1032 1892 1097 1935 uua
1118 1875 1243 1937 ratione
1266 1894 1352 1938 mor·

262 1969 305 2031 tis
326 1980 432 2033 metus
450 1968 572 2055 expelli
592 1992 689 2055 posse
709 1971 897 2052 videbatur,
918 1973 973 2058 qui
994 1994 1058 2037 non
1081 1973 1271 2057 simpliciter
1292 1972 1352 2036 bo-

261 2071 365 2133 mincs
383 2067 530 2134 infelices
551 2071 676 2153 reddit,
710 2074 769 2139 sed
791 2074 887 2139 simul
908 2072 1118 2158 plurimorum
1140 2074 1291 2138 vitiorum
1312 2094 1351 2137 ac

262 2163 438 2248 scelerum,
459 2188 495 2234 ut
513 2169 669 2236 bellorum
683 2173 835 2253 civilium,
856 2174 977 2251 caedis,
999 2170 1175 2257 parricidii,
1196 2172 1351 2252 invidiae,
1434 2196 1436 2200 ·

261 2271 428 2347 avaritiae,
448 2271 616 2355 perfidiae,
638 2272 1240 2357 impietatiscausaacprincipiumest.
1271 2270 1351 2336 Uni-

261 2388 357 2433 versa
383 2373 469 2434 enim
499 2369 686 2455 hujusmodi
708 2374 847 2437 vitiaco
875 2385 1064 2447 nascuntur,
1099 2370 1186 2457 quod
1205 2370 1352 2435 homines

263 2484 386 2557 turpem
408 2486 602 2536 contemtum
630 2486 726 2558 atque
755 2483 952 2557 egestatem,
982 2490 1064 2555 quaa
1084 2472 1180 2535 morti
1199 2472 1352 2556 proxima

262 2590 336 2636 esso
363 2585 396 2635 et
424 2572 516 2658 quasi
545 2586 619 2639 ante
650 2570 708 2637 lati
728 2584 839 2657 portas
858 2571 1004 2635 cuccari
1032 2568 1219 2648 videantur,
1254 2593 1351 2657 quam

260 2669 449 2756 longissime
470 2672 613 2757 effugere
636 2673 776 2756 cupiunt.
810 2668 1014 2753 Quapropter
1031 2689 1058 2731 v.
1072 2668 1123 2734 79.
1144 2690 1209 2733 non
1228 2671 1350 2754 inepta,

262 2793 452 2858 quarnqusm
475 2771 640 2860 aliquanto
659 2770 861 2860 paradoxius
888 2768 982 2833 multi
1009 2765 1091 2833 adeo
1114 2769 1218 2855 ipsius
1238 2775 1351 2837 mortis

260 2872 434 2938 tormidine
456 2887 590 2938 mortem
613 2875 743 2959 propria
771 2893 868 2937 manu
888 2866 951 2934 sibi
972 2869 1173 2935 consciscere
1193 2870 1351 2939 dicuutur.

390 2981 438 3038 ut
453 2995 547 3054 saepe
568 2995 665 3054 acque
685 2982 762 3037 adeo
782 2982 888 3036 morde
907 2977 1073 3049 formidine
1090 2981 1171 3036 auae

373 3082 527 3153 ‘Percipit
543 3081 692 3139 ltumonoa
713 3084 815 3139 odium
836 3081 974 3154 lucisque
991 3079 1151 3153 murdac,

390 3181 432 3240 Ut
450 3179 509 3238 atti
529 3183 723 3240 comctscont
740 3183 889 3240 moerenti
908 3186 1031 3253 pectore
1048 3181 1154 3237 tetum·

391 3279 497 3355 uetur,
516 3279 631 3352 fontem
650 3293 799 3340 curarum
818 3282 900 3338 bunc
917 3294 988 3337 aare
1004 3282 1160 3353 ttmurcm,

388 3381 480 3439 Hunc
495 3395 615 3440 occare
630 3384 797 3454 podorem,
818 3379 899 3436 bunc
917 3381 1045 3437 omcula
1063 3379 1210 3465 amiciunt

390 3483 543 3554 Recipere
546 3523 560 3554 ,
582 3489 613 3540 et
633 3485 667 3538 tn
686 3482 971 3552 commaerentem
990 3485 1129 3536 enomere
1146 3479 1265 3535 suadac

262 3574 371 3650 Quum
393 3595 457 3637 non
488 3573 662 3639 verisimile
693 3575 753 3648 sit,
787 3573 974 3638 Lucretium
999 3573 1033 3635 lu
1065 3569 1132 3637 line
1152 3570 1277 3660 periodi
1300 3574 1350 3636 in·

262 3688 390 3760 ceptum
416 3672 572 3738 orationis
594 3695 696 3760 genus
719 3673 901 3739 deseruisse
923 3686 957 3737 et
982 3673 1016 3736 iu
1037 3672 1193 3739 directm
1214 3692 1351 3736 eonver-

264 3778 362 3850 tisse,
381 3772 494 3840 Lamb.
515 3795 574 3860 pro
595 3786 706 3840 arrodat
724 3775 862 3857 conjecit
880 3775 994 3852 fuerim
1017 3775 1087 3858 ipse
1110 3788 1144 3837 ut
1168 3791 1281 3836 ornnes
1295 3794 1351 3838 rc·

261 3877 341 3962 liqui
362 3873 503 3939 editores
522 3897 562 3938 eo
583 3874 703 3951 falsus,
736 3875 822 3963 quod
839 3872 922 3938 duos
943 3887 1125 3959 postremos
1147 3892 1257 3936 versus
1278 3894 1351 3941 cum

263 3979 464 4062 praegressis
497 3977 752 4058 conjunxerunt,
794 3977 995 4059 geminatum
1030 3981 1111 4034 bunc
1141 3970 1185 4036 ad
1214 3986 1352 4039 umorem

263 4089 412 4162 spectare
433 4074 588 4140 arbitrati.
624 4073 697 4150 Quo
720 4097 829 4140 errore
849 4097 913 4140 uon
934 4073 1040 4138 solum
1061 4072 1218 4138 orationis
1237 4075 1350 4136 incon·

263 4177 465 4253 cinnitatam,
498 4175 563 4266 sed¹
585 4177 776 4242 sententiam
805 4195 932 4261 quoqne
963 4193 1027 4238 non
1056 4175 1135 4238 satis
1154 4184 1261 4256 aptam
1287 4172 1349 4256 ipsi

265 4274 328 4343 sibi
347 4289 552 4362 pepererunt.
595 4275 742 4364 Namque
772 4276 805 4341 id
832 4296 931 4340 unum
958 4276 1119 4349 maxime,
1151 4274 1208 4356 qui
1228 4270 1292 4355 ipsi
1312 4291 1350 4336 so

265 4375 472 4454 interficiunt,
494 4397 558 4441 non
578 4375 725 4442 oblivisci
746 4376 925 4465 oportebat,
943 4379 1058 4444 mortis
1078 4383 1197 4436 metum
1209 4371 1351 4438 omnium

266 4498 426 4558 curarum,
448 4476 490 4544 ob
507 4499 585 4565 quas
605 4489 740 4543 mortem
760 4478 822 4546 sibl
844 4475 1107 4566 pernoctantem
1128 4492 1209 4539 csse.
1254 4469 1351 4551 Quod
