3567 5550
681 688 941 763 ...55-

256 872 550 961 etcertdenique,
571 876 627 961 qui
650 895 669 938 a
691 876 808 941 ceteris
830 892 965 961 prorsus
979 871 1145 954 recedunt,
1165 879 1350 939 mememo-

257 996 319 1058 pce
339 998 424 1039 socc
443 988 526 1056 pat.;
560 997 642 1061 quae
667 975 764 1042 lectio
787 998 807 1041 a
834 972 998 1061 plerisque
1020 972 1200 1039 editoribus
1220 990 1355 1062 recepta

258 1076 416 1142 Lucretio
435 1097 501 1141 non
530 1074 665 1161 indigna
682 1076 863 1161 judicanda
884 1088 995 1155 esset,
1031 1076 1096 1141 uisi
1122 1073 1173 1140 illi
1196 1075 1291 1143 codd.
1310 1078 1355 1143 etl

259 1172 395 1243 alteram
418 1174 552 1243 classem
580 1180 794 1257 pertinerent,
828 1198 923 1265 quum
946 1198 965 1240 e
991 1173 1196 1241 librariorum
1217 1176 1355 1244 arbitrio

258 1279 452 1363 saepissime
481 1291 658 1344 correctam
686 1300 758 1346 esse
786 1292 921 1346 constat.
965 1276 1036 1343 Nec
1069 1276 1201 1343 difficile
1228 1290 1281 1344 est
1309 1277 1353 1345 at

256 1377 535 1463 perspiciendum,
557 1401 630 1443 eam
652 1384 882 1447 correctionem
904 1380 945 1445 ad
965 1378 1082 1445 similis
1101 1377 1166 1445 loci
1187 1377 1359 1465 exemplar

260 1476 493 1561 suetonium,
531 1480 560 1562 1,
586 1479 658 1547 269.
687 1483 744 1547 ubi
770 1482 810 1548 de
839 1481 957 1547 fluvio:
998 1488 1149 1560 reicitque
1175 1489 1236 1544 rat
1262 1489 1359 1547 cuuis

262 1582 406 1643 Grandia
425 1603 519 1645 saca
561 1580 735 1648 Praeterea
756 1584 858 1649 isaaci
882 1582 992 1648 Vossii
1011 1582 1197 1665 conjectura
1216 1602 1358 1649 mrums-

262 1680 422 1745 morenda
438 1695 505 1763 est,
542 1702 625 1767 quae
643 1682 869 1772 Havercampc
892 1683 987 1750 valde
1006 1681 1146 1770 placuit:
1177 1688 1356 1747 ratum

261 1785 361 1859 cap’te
377 1792 549 1861 putandum
569 1796 616 1848 est
637 1794 829 1870 prorupitc,
851 1808 935 1874 quae
958 1804 1100 1869 syncope
1121 1804 1219 1870 quam
1232 1782 1356 1870 dicunt,

264 1892 297 1945 et
314 1879 416 1946 Ennii
437 1905 534 1949 versu
563 1885 649 1951 Anu.
671 1888 703 1967 6,
733 1888 784 1954 27.
808 1886 880 1974 (ed.
902 1886 1007 1972 Lips.)
1036 1888 1196 1964 saratas
1214 1898 1358 1951 rmtarcter

258 1990 372 2064 pinus,
408 1997 442 2049 et
470 1983 593 2070 aliquot
620 1984 780 2053 similibus
807 1986 891 2075 apud
917 1991 1023 2074 ipsum
1045 1986 1179 2052 haeret.
1195 1986 1358 2073 exemplis

262 2085 501 2168 quodammodo
531 2085 663 2151 delendi
688 2102 815 2173 posset,
847 2083 936 2168 uti,
960 2088 1034 2155 263
1061 2108 1250 2168 amorreum
1271 2088 1358 2158 wi.

260 2192 501 2269 parembolam
536 2188 567 2267 6,
597 2189 690 2255 1066.
717 2196 912 2268 simplorum
947 2188 1041 2255 1087.
1067 2197 1196 2267 coptum.
1238 2191 1358 2255 Verum

262 2285 343 2351 talia
363 2287 398 2351 in
420 2288 637 2374 elegantiores
658 2300 789 2374 poetes,
812 2286 1358 2372 quibusbueretiumaduumerare

264 2410 332 2453 non
354 2387 466 2455 dubito
470 2436 484 2472 ,
516 2390 631 2456 inferri
656 2410 722 2453 uon
751 2386 887 2470 debent,
928 2389 992 2454 uisi
1012 2389 1173 2471 ejusmodi
1197 2395 1357 2459 correctio

266 2490 410 2575 alioquin
432 2512 492 2576 pro
513 2504 603 2555 certa
623 2488 773 2555 bsbeada
795 2504 852 2557 est
897 2486 987 2565 Quid
1010 2493 1118 2555 autem
1139 2490 1183 2555 eil
1204 2512 1285 2573 rem,
1326 2495 1357 2559 si

266 2588 376 2653 fontes
398 2589 453 2656 bic
473 2590 542 2657 sire
561 2592 667 2676 capite
686 2590 817 2654 illorum
835 2592 1005 2655 fluminum
1023 2590 1193 2655 submersa
1205 2612 1280 2658 esse
1299 2594 1359 2659 do·

267 2688 397 2757 eemuri
418 2692 609 2778 praesertim
628 2710 725 2777 quum
748 2688 789 2753 da
810 2688 917 2755 fluviis
936 2703 1079 2771 constet,
1103 2692 1159 2777 qui
1176 2691 1212 2755 iu
1233 2694 1361 2781 superis

269 2805 377 2858 terrae
398 2793 481 2860 locis
498 2790 561 2858 orti
585 2791 705 2857 deiude
725 2793 759 2855 iu
781 2804 899 2856 terram
921 2791 1214 2877 submerganturet
1226 2813 1360 2878 prorsus

268 2908 469 2960 evanescant.
499 2889 719 2960 verisimilius
737 2905 787 2959 est
806 2892 991 2979 corruptum
1010 2891 1093 2959 tuuc
1112 2915 1152 2958 eu
1164 2895 1269 2958 orta'm
1284 2916 1361 2961 esse

272 3017 317 3060 ex
350 3017 461 3077 cacco,
502 2994 604 3062 altera
631 2991 755 3079 syllaba
785 3007 918 3082 proptor
946 2993 1080 3061 alterius
1111 2993 1360 3062 similitudinem

270 3099 392 3162 omissa
395 3141 409 3176 ,
431 3106 468 3160 ut
482 3097 686 3183 Jungendum
705 3095 763 3161 sit:
790 3098 891 3163 multa
911 3097 1044 3162 flumina
1063 3095 1123 3161 sub
1142 3109 1236 3182 tergo
1256 3109 1366 3164 terrae

271 3209 357 3262 tecta
378 3197 564 3263 submersos
584 3198 699 3263 fluctus
719 3220 815 3264 caeca
835 3196 983 3280 volvere,
1008 3199 1038 3263 b.
1059 3221 1087 3263 e.
1109 3211 1167 3262 aut
1189 3195 1251 3262 sab
1271 3210 1364 3264 teue-

271 3297 339 3364 bris
361 3297 511 3377 volvere,
547 3312 603 3364 aut
622 3303 668 3365 ita
688 3312 725 3363 ut
745 3301 833 3364 cerni
858 3311 1028 3384 nequeant
1074 3297 1253 3383 Utrumque
1274 3300 1362 3365 euim

271 3421 365 3464 coeco
395 3399 581 3484 significare
610 3411 719 3485 potest
745 3412 779 3464 et
805 3411 943 3484 utroque
970 3403 1069 3464 modo
1090 3420 1174 3463 nora
1197 3401 1246 3462 rei
1269 3399 1367 3463 notio.

273 3499 415 3581 accedit,
447 3497 715 3585 quemadmodum
735 3501 869 3565 flumina
891 3502 937 3564 ita
959 3497 1143 3569 volvantur.
1183 3505 1284 3564 Caeca
1302 3501 1366 3585 igi·

274 3615 326 3666 tur
361 3601 408 3664 ita
431 3598 576 3666 additum
604 3613 670 3680 ast,
707 3615 743 3666 ut
758 3605 799 3665 ¹si
826 3601 962 3666 formam
991 3609 1127 3687 spectas
1147 3599 1190 3667 ad
1217 3599 1363 3680 flumina,

274 3703 433 3766 sententia
452 3723 529 3768 vero
550 3695 662 3788 magis
676 3701 863 3768 adverbum
882 3703 1058 3789 pertineat,
1081 3702 1364 3788 quodsaepissime

275 3801 314 3866 lit
335 3802 418 3890 apud
445 3815 576 3889 poetas,
612 3803 714 3869 veluti
733 3805 766 3870 in
788 3803 906 3875 similis
933 3805 1073 3870 uotieuis
1094 3802 1256 3887 adjectivo
1278 3803 1365 3891 apud

277 3903 379 3990 Verg.
393 3905 434 3970 A.
449 3908 480 3983 2,
498 3903 570 3970 135.
594 3913 774 3986 limosoque
794 3917 865 3970 icco
874 3927 933 3985 per
944 3917 1064 3968 noctem
1081 3909 1232 3969 obscurae
1245 3913 1279 3969 iu
1290 3915 1367 3970 uico

278 4013 402 4069 necem
444 4003 529 4072 'l'um
558 4007 655 4072 etlam
683 4006 748 4070 duo
778 4008 921 4091 epitheta
946 4005 1003 4068 uui
1031 4003 1231 4071 substantivo
1253 4005 1366 4071 addita

280 4128 344 4171 nou
365 4105 503 4171 offensui
523 4129 613 4187 esse,
635 4117 722 4172 recte
741 4107 925 4170 obsertavit
947 4101 1063 4190 Wagu.
1086 4107 1137 4172 ad.
1159 4103 1257 4189 Verg.
1278 4107 1317 4171 A.
1332 4111 1366 4187 5,

280 4209 335 4270 24.
351 4206 408 4271 ubi
430 4211 502 4292 ejus
523 4210 654 4293 generis
675 4204 825 4291 exemplu
838 4205 1016 4291 eVerpilic
1034 4207 1175 4291 collegit.
1204 4203 1269 4272 llic
1281 4227 1363 4273 oon·

281 4305 370 4372 nulla
396 4330 416 4371 e
441 4306 587 4373 Lucretii
615 4311 755 4375 carmina
783 4321 968 4394 sequantur.
999 4310 1030 4388 1,
1050 4305 1129 4369 260.
1156 4327 1237 4370 noca
1261 4317 1367 4388 prote·

281 4416 417 4472 descire
435 4431 495 4490 per
514 4415 626 4472 herbar
645 4417 758 4490 laedi&
782 4411 861 4478 46⁹.
880 4416 1097 4474 Irrevocabilis
1117 4415 1281 4476 abstulerit
1293 4413 1368 4488 jon

282 4517 453 4586 praeterita
472 4522 579 4590 actm
607 4507 680 4577 951.
699 4519 885 4577 solidissima
902 4517 1046 4576 menei
1066 4513 1205 4591 Corpora
1220 4523 1368 4592 pcrpaao
