<?xml version="1.0" encoding="UTF-8"?>
<!DOCTYPE html PUBLIC "-//W3C//DTD XHTML 1.0 Transitional//EN"
    "http://www.w3.org/TR/xhtml1/DTD/xhtml1-transitional.dtd">
<html xmlns="http://www.w3.org/1999/xhtml" xml:lang="en" lang="en">
 <head>
  <title>
</title>
<meta http-equiv="Content-Type" content="text/html;charset=utf-8" />
  <meta name='ocr-system' content='tesseract 3.04.00' />
  <meta name='ocr-capabilities' content='ocr_page ocr_carea ocr_par ocr_line ocrx_word'/>
</head>
<body>
  <div class='ocr_page' id='page_1' title='image "./quaestioneslucr00siebgoog_0013.png"; bbox 0 0 3567 5550; ppageno 0'>
   <div class='ocr_carea' id='block_1_1' title="bbox 259 929 1347 1814">
    <p class='ocr_par' dir='ltr' id='par_1_1' title="bbox 425 929 1290 1711">
     <span class='ocr_line' id='line_1_1' title="bbox 433 929 1290 1008; baseline 0.009 -21"><span class='ocrx_word' id='word_1_1' title='bbox 433 930 552 1005; x_wconf 74' lang='lat' dir='ltr'><strong>Quippe</strong></span> <span class='ocrx_word' id='word_1_2' title='bbox 566 933 674 989; x_wconf 71' lang='lat' dir='ltr'><strong>rtatim</strong></span> <span class='ocrx_word' id='word_1_3' title='bbox 683 946 776 1006; x_wconf 81' lang='lat' dir='ltr'><strong>quom</strong></span> <span class='ocrx_word' id='word_1_4' title='bbox 787 935 884 990; x_wconf 81' lang='lat' dir='ltr'><strong>multo</strong></span> <span class='ocrx_word' id='word_1_5' title='bbox 895 930 1027 1003; x_wconf 74' lang='lat' dir='ltr'><strong>mojam</strong></span> <span class='ocrx_word' id='word_1_6' title='bbox 1039 929 1155 1005; x_wconf 69' lang='lat' dir='ltr'><strong>femere</strong></span> <span class='ocrx_word' id='word_1_7' title='bbox 1162 950 1290 1008; x_wconf 77' lang='lat' dir='ltr'><strong>potorem</strong></span> 
     </span>
     <span class='ocr_line' id='line_1_2' title="bbox 431 1033 1210 1106; baseline 0.006 -17"><span class='ocrx_word' id='word_1_8' title='bbox 431 1033 572 1106; x_wconf 79' lang='lat' dir='ltr'><strong>Somolo,</strong></span> <span class='ocrx_word' id='word_1_9' title='bbox 594 1035 775 1106; x_wconf 76' lang='lat' dir='ltr'><strong>quaesitae</strong></span> <span class='ocrx_word' id='word_1_10' title='bbox 796 1037 933 1091; x_wconf 75' lang='lat' dir='ltr'><strong>retronea</strong></span> <span class='ocrx_word' id='word_1_11' title='bbox 953 1040 1073 1092; x_wconf 77' lang='lat' dir='ltr'><em>vortere</em></span> <span class='ocrx_word' id='word_1_12' title='bbox 1089 1039 1210 1106; x_wconf 71' lang='lat' dir='ltr'><strong>moriat</strong></span> 
     </span>
     <span class='ocr_line' id='line_1_3' title="bbox 428 1134 1170 1208; baseline 0.004 -17"><span class='ocrx_word' id='word_1_13' title='bbox 428 1134 645 1208; x_wconf 79' lang='lat' dir='ltr'><strong>Fortunaeque</strong></span> <span class='ocrx_word' id='word_1_14' title='bbox 666 1141 739 1192; x_wconf 79' lang='lat' dir='ltr'><strong>taos</strong></span> <span class='ocrx_word' id='word_1_15' title='bbox 759 1137 874 1193; x_wconf 59' lang='lat' dir='ltr'><strong>onmes</strong></span> <span class='ocrx_word' id='word_1_16' title='bbox 895 1136 1026 1193; x_wconf 77' lang='lat' dir='ltr'><strong>turbore</strong></span> <span class='ocrx_word' id='word_1_17' title='bbox 1044 1140 1170 1208; x_wconf 76' lang='lat' dir='ltr'><strong>timore,-</strong></span> 
     </span>
     <span class='ocr_line' id='line_1_4' title="bbox 429 1234 1216 1307; baseline 0.005 -16"><span class='ocrx_word' id='word_1_18' title='bbox 429 1234 472 1291; x_wconf 75' lang='lat' dir='ltr'><strong>rot</strong></span> <span class='ocrx_word' id='word_1_19' title='bbox 484 1236 606 1292; x_wconf 76' lang='lat' dir='ltr'><strong>merito:</strong></span> <span class='ocrx_word' id='word_1_20' title='bbox 625 1251 697 1293; x_wconf 85' lang='lat' dir='ltr'><strong>nom</strong></span> <span class='ocrx_word' id='word_1_21' title='bbox 708 1238 737 1292; x_wconf 80' lang='lat' dir='ltr'><strong>rt·</strong></span> <span class='ocrx_word' id='word_1_22' title='bbox 748 1244 864 1294; x_wconf 85' lang='lat' dir='ltr'><strong>certam</strong></span> <span class='ocrx_word' id='word_1_23' title='bbox 876 1235 970 1307; x_wconf 76' lang='lat' dir='ltr'><strong>froom</strong></span> <span class='ocrx_word' id='word_1_24' title='bbox 990 1251 1059 1295; x_wconf 80' lang='lat' dir='ltr'><strong>eree</strong></span> <span class='ocrx_word' id='word_1_25' title='bbox 1077 1236 1216 1295; x_wconf 58' lang='lat' dir='ltr'><strong>eidem</strong></span> 
     </span>
     <span class='ocr_line' id='line_1_5' title="bbox 425 1333 1251 1412; baseline 0.008 -22"><span class='ocrx_word' id='word_1_26' title='bbox 425 1333 655 1393; x_wconf 66' lang='lat' dir='ltr'><strong>aerumnarum</strong></span> <span class='ocrx_word' id='word_1_27' title='bbox 674 1336 825 1412; x_wconf 70' lang='lat' dir='ltr'><strong>bonanae,</strong></span> <span class='ocrx_word' id='word_1_28' title='bbox 848 1340 955 1412; x_wconf 77' lang='lat' dir='ltr'><strong>oltooo</strong></span> <span class='ocrx_word' id='word_1_29' title='bbox 971 1339 1092 1395; x_wconf 72' lang='lat' dir='ltr'><strong>ratione</strong></span> <span class='ocrx_word' id='word_1_30' title='bbox 1110 1339 1251 1397; x_wconf 83' lang='lat' dir='ltr'><strong>colererrt</strong></span> 
     </span>
     <span class='ocr_line' id='line_1_6' title="bbox 425 1435 1170 1511; baseline 0.005 -20"><span class='ocrx_word' id='word_1_31' title='bbox 425 1435 634 1507; x_wconf 62' lang='lat' dir='ltr'><strong>Religionibus</strong></span> <span class='ocrx_word' id='word_1_32' title='bbox 655 1443 747 1511; x_wconf 76' lang='lat' dir='ltr'><strong>atque</strong></span> <span class='ocrx_word' id='word_1_33' title='bbox 766 1438 857 1494; x_wconf 75' lang='lat' dir='ltr'><strong>minis</strong></span> <span class='ocrx_word' id='word_1_34' title='bbox 878 1436 1024 1495; x_wconf 74' lang='lat' dir='ltr'><strong>obsistere</strong></span> <span class='ocrx_word' id='word_1_35' title='bbox 1043 1442 1170 1495; x_wconf 72' lang='lat' dir='ltr'><strong>autum</strong></span> 
     </span>
     <span class='ocr_line' id='line_1_7' title="bbox 426 1534 1242 1613; baseline 0.007 -22"><span class='ocrx_word' id='word_1_36' title='bbox 426 1534 517 1591; x_wconf 81' lang='lat' dir='ltr'><strong>Noae</strong></span> <span class='ocrx_word' id='word_1_37' title='bbox 538 1537 619 1592; x_wconf 82' lang='lat' dir='ltr'><strong>ratio</strong></span> <span class='ocrx_word' id='word_1_38' title='bbox 637 1536 726 1593; x_wconf 80' lang='lat' dir='ltr'><strong>nollo</strong></span> <span class='ocrx_word' id='word_1_39' title='bbox 747 1544 797 1596; x_wconf 83' lang='lat' dir='ltr'><strong>ert</strong></span> <span class='ocrx_word' id='word_1_40' title='bbox 814 1541 962 1611; x_wconf 77' lang='lat' dir='ltr'><strong>rrrtoadt,</strong></span> <span class='ocrx_word' id='word_1_41' title='bbox 985 1539 1075 1595; x_wconf 80' lang='lat' dir='ltr'><strong>nollo</strong></span> <span class='ocrx_word' id='word_1_42' title='bbox 1093 1534 1242 1613; x_wconf 71' lang='lat' dir='ltr'><strong>secutor,</strong></span> 
     </span>
     <span class='ocr_line' id='line_1_8' title="bbox 432 1634 1242 1711; baseline 0.006 -20"><span class='ocrx_word' id='word_1_43' title='bbox 432 1634 584 1691; x_wconf 75' lang='lat' dir='ltr'><strong>deterreor</strong></span> <span class='ocrx_word' id='word_1_44' title='bbox 603 1638 748 1710; x_wconf 78' lang='lat' dir='ltr'><strong>quoniam</strong></span> <span class='ocrx_word' id='word_1_45' title='bbox 764 1654 882 1711; x_wconf 76' lang='lat' dir='ltr'><strong>poenae</strong></span> <span class='ocrx_word' id='word_1_46' title='bbox 902 1642 937 1696; x_wconf 80' lang='lat' dir='ltr'><strong>ta</strong></span> <span class='ocrx_word' id='word_1_47' title='bbox 956 1646 1054 1696; x_wconf 86' lang='lat' dir='ltr'><strong>morte</strong></span> <span class='ocrx_word' id='word_1_48' title='bbox 1067 1640 1242 1696; x_wconf 69' lang='lat' dir='ltr'><strong>timendum</strong></span> 
     </span>
    </p>

    <p class='ocr_par' dir='ltr' id='par_1_2' title="bbox 259 1723 1347 1814">
     <span class='ocr_line' id='line_1_9' title="bbox 259 1723 1347 1814; baseline 0.006 -23"><span class='ocrx_word' id='word_1_49' title='bbox 259 1726 323 1804; x_wconf 78' lang='lat' dir='ltr'><strong>Qui</strong></span> <span class='ocrx_word' id='word_1_50' title='bbox 351 1723 443 1793; x_wconf 90' lang='lat' dir='ltr'><strong>locus</strong></span> <span class='ocrx_word' id='word_1_51' title='bbox 474 1731 520 1793; x_wconf 90' lang='lat' dir='ltr'><strong>ita</strong></span> <span class='ocrx_word' id='word_1_52' title='bbox 550 1745 753 1814; x_wconf 88' lang='lat' dir='ltr'><strong>comparatus</strong></span> <span class='ocrx_word' id='word_1_53' title='bbox 781 1747 848 1813; x_wconf 89' lang='lat' dir='ltr'><strong>ost,</strong></span> <span class='ocrx_word' id='word_1_54' title='bbox 887 1746 925 1796; x_wconf 90' lang='lat' dir='ltr'><strong>ut</strong></span> <span class='ocrx_word' id='word_1_55' title='bbox 952 1731 1132 1797; x_wconf 78' lang='lat' dir='ltr'><strong>bocnrodo</strong></span> <span class='ocrx_word' id='word_1_56' title='bbox 1153 1754 1173 1795; x_wconf 90' lang='lat' dir='ltr'><strong>a</strong></span> <span class='ocrx_word' id='word_1_57' title='bbox 1194 1731 1347 1798; x_wconf 89' lang='lat' dir='ltr'><strong>Lucretio</strong></span> 
     </span>
    </p>
   </div>
   <div class='ocr_carea' id='block_1_2' title="bbox 258 1829 1456 1915">
    <p class='ocr_par' dir='ltr' id='par_1_3' title="bbox 258 1829 1456 1915">
     <span class='ocr_line' id='line_1_10' title="bbox 258 1829 1456 1915; baseline 0.005 -22"><span class='ocrx_word' id='word_1_58' title='bbox 258 1829 356 1893; x_wconf 82' lang='lat' dir='ltr'><strong>scribi</strong></span> <span class='ocrx_word' id='word_1_59' title='bbox 380 1851 445 1895; x_wconf 90' lang='lat' dir='ltr'><strong>uon</strong></span> <span class='ocrx_word' id='word_1_60' title='bbox 466 1831 619 1915; x_wconf 84' lang='lat' dir='ltr'><strong>potuerit.</strong></span> <span class='ocrx_word' id='word_1_61' title='bbox 654 1836 765 1895; x_wconf 78' lang='lat' dir='ltr'><strong>Vatum</strong></span> <span class='ocrx_word' id='word_1_62' title='bbox 785 1842 954 1915; x_wconf 76' lang='lat' dir='ltr'><strong>territoque</strong></span> <span class='ocrx_word' id='word_1_63' title='bbox 972 1840 1053 1895; x_wconf 79' lang='lat' dir='ltr'><strong>dioto</strong></span> <span class='ocrx_word' id='word_1_64' title='bbox 1075 1852 1185 1895; x_wconf 88' lang='lat' dir='ltr'><strong>eorum</strong></span> <span class='ocrx_word' id='word_1_65' title='bbox 1206 1846 1280 1896; x_wconf 90' lang='lat' dir='ltr'><strong>sunt</strong></span> <span class='ocrx_word' id='word_1_66' title='bbox 1300 1833 1350 1899; x_wconf 86' lang='lat' dir='ltr'><strong>fa·</strong></span> <span class='ocrx_word' id='word_1_67' title='bbox 1450 1830 1456 1844; x_wconf 75' lang='grc'><em>’</em></span> 
     </span>
    </p>
   </div>
   <div class='ocr_carea' id='block_1_3' title="bbox 252 1927 1388 4697">
    <p class='ocr_par' dir='ltr' id='par_1_4' title="bbox 252 1927 1388 4697">
     <span class='ocr_line' id='line_1_11' title="bbox 257 1927 1348 2018; baseline 0.007 -27"><span class='ocrx_word' id='word_1_68' title='bbox 257 1927 353 1994; x_wconf 87' lang='lat' dir='ltr'><strong>balae</strong></span> <span class='ocrx_word' id='word_1_69' title='bbox 376 1930 417 1995; x_wconf 89' lang='lat' dir='ltr'><strong>de</strong></span> <span class='ocrx_word' id='word_1_70' title='bbox 437 1930 498 1994; x_wconf 86' lang='lat' dir='ltr'><strong>Dis</strong></span> <span class='ocrx_word' id='word_1_71' title='bbox 518 1932 617 1995; x_wconf 88' lang='lat' dir='ltr'><strong>totius</strong></span> <span class='ocrx_word' id='word_1_72' title='bbox 638 1932 750 1995; x_wconf 92' lang='lat' dir='ltr'><strong>muudi</strong></span> <span class='ocrx_word' id='word_1_73' title='bbox 772 1932 1011 2018; x_wconf 84' lang='lat' dir='ltr'><strong>regnatoribus,</strong></span> <span class='ocrx_word' id='word_1_74' title='bbox 1030 1931 1072 1996; x_wconf 88' lang='lat' dir='ltr'><strong>de</strong></span> <span class='ocrx_word' id='word_1_75' title='bbox 1094 1930 1194 2013; x_wconf 90' lang='lat' dir='ltr'><strong>Orco,</strong></span> <span class='ocrx_word' id='word_1_76' title='bbox 1216 1932 1256 1997; x_wconf 89' lang='lat' dir='ltr'><strong>dc</strong></span> <span class='ocrx_word' id='word_1_77' title='bbox 1270 1955 1348 2018; x_wconf 85' lang='lat' dir='ltr'><strong>poe·</strong></span> 
     </span>
     <span class='ocr_line' id='line_1_12' title="bbox 256 2029 1347 2119; baseline 0.007 -28"><span class='ocrx_word' id='word_1_78' title='bbox 256 2030 415 2115; x_wconf 82' lang='lat' dir='ltr'><strong>nis‘apud</strong></span> <span class='ocrx_word' id='word_1_79' title='bbox 437 2032 561 2096; x_wconf 85' lang='lat' dir='ltr'><strong>inferos</strong></span> <span class='ocrx_word' id='word_1_80' title='bbox 585 2045 619 2095; x_wconf 90' lang='lat' dir='ltr'><strong>et</strong></span> <span class='ocrx_word' id='word_1_81' title='bbox 638 2031 766 2100; x_wconf 80' lang='lat' dir='ltr'><strong>similia.</strong></span> <span class='ocrx_word' id='word_1_82' title='bbox 810 2032 902 2097; x_wconf 88' lang='lat' dir='ltr'><strong>Haec</strong></span> <span class='ocrx_word' id='word_1_83' title='bbox 922 2029 1025 2111; x_wconf 92' lang='lat' dir='ltr'><strong>dicta,</strong></span> <span class='ocrx_word' id='word_1_84' title='bbox 1048 2034 1152 2118; x_wconf 89' lang='lat' dir='ltr'><strong>inquit</strong></span> <span class='ocrx_word' id='word_1_85' title='bbox 1170 2048 1279 2119; x_wconf 86' lang='lat' dir='ltr'><strong>poeta,</strong></span> <span class='ocrx_word' id='word_1_86' title='bbox 1300 2037 1347 2099; x_wconf 92' lang='lat' dir='ltr'><strong>ita</strong></span> 
     </span>
     <span class='ocr_line' id='line_1_13' title="bbox 256 2128 1349 2221; baseline 0.011 -31"><span class='ocrx_word' id='word_1_87' title='bbox 256 2135 290 2193; x_wconf 90' lang='lat' dir='ltr'><strong>t&#39;e</strong></span> <span class='ocrx_word' id='word_1_88' title='bbox 312 2128 540 2210; x_wconf 64' lang='lat' dir='ltr'><strong>terrebuntur</strong></span> <span class='ocrx_word' id='word_1_89' title='bbox 560 2154 580 2195; x_wconf 92' lang='lat' dir='ltr'><strong>a</strong></span> <span class='ocrx_word' id='word_1_90' title='bbox 599 2154 650 2197; x_wconf 94' lang='lat' dir='ltr'><strong>me</strong></span> <span class='ocrx_word' id='word_1_91' title='bbox 669 2132 849 2197; x_wconf 78' lang='lat' dir='ltr'><strong>desciscere</strong></span> <span class='ocrx_word' id='word_1_92' title='bbox 863 2154 1019 2219; x_wconf 87' lang='lat' dir='ltr'><strong>quaeras;</strong></span> <span class='ocrx_word' id='word_1_93' title='bbox 1040 2134 1349 2221; x_wconf 80' lang='lat' dir='ltr'><strong>quoniamegoper·</strong></span> 
     </span>
     <span class='ocr_line' id='line_1_14' title="bbox 255 2229 1348 2319; baseline 0.007 -26"><span class='ocrx_word' id='word_1_94' title='bbox 255 2229 358 2294; x_wconf 88' lang='lat' dir='ltr'><strong>multa</strong></span> <span class='ocrx_word' id='word_1_95' title='bbox 380 2230 437 2296; x_wconf 89' lang='lat' dir='ltr'><strong>tibi</strong></span> <span class='ocrx_word' id='word_1_96' title='bbox 459 2233 584 2297; x_wconf 84' lang='lat' dir='ltr'><strong>somnia</strong></span> <span class='ocrx_word' id='word_1_97' title='bbox 603 2232 726 2315; x_wconf 82' lang='lat' dir='ltr'><strong>fingere</strong></span> <span class='ocrx_word' id='word_1_98' title='bbox 744 2253 889 2317; x_wconf 88' lang='lat' dir='ltr'><strong>possum,</strong></span> <span class='ocrx_word' id='word_1_99' title='bbox 911 2254 992 2319; x_wconf 87' lang='lat' dir='ltr'><strong>quae</strong></span> <span class='ocrx_word' id='word_1_100' title='bbox 1007 2255 1133 2298; x_wconf 89' lang='lat' dir='ltr'><strong>omnem</strong></span> <span class='ocrx_word' id='word_1_101' title='bbox 1147 2245 1234 2298; x_wconf 87' lang='lat' dir='ltr'><strong>tuam</strong></span> <span class='ocrx_word' id='word_1_102' title='bbox 1248 2238 1348 2301; x_wconf 83' lang='lat' dir='ltr'><strong>vitam</strong></span> 
     </span>
     <span class='ocr_line' id='line_1_15' title="bbox 255 2324 1347 2415; baseline 0.009 -24"><span class='ocrx_word' id='word_1_103' title='bbox 255 2331 374 2393; x_wconf 89' lang='lat' dir='ltr'><strong>timore</strong></span> <span class='ocrx_word' id='word_1_104' title='bbox 405 2329 543 2394; x_wconf 86' lang='lat' dir='ltr'><strong>turbent.</strong></span> <span class='ocrx_word' id='word_1_105' title='bbox 588 2330 633 2393; x_wconf 79' lang='lat' dir='ltr'><strong>Et</strong></span> <span class='ocrx_word' id='word_1_106' title='bbox 665 2336 740 2413; x_wconf 88' lang='lat' dir='ltr'><strong>jure</strong></span> <span class='ocrx_word' id='word_1_107' title='bbox 768 2324 948 2415; x_wconf 91' lang='lat' dir='ltr'><strong>meritoque</strong></span> <span class='ocrx_word' id='word_1_108' title='bbox 976 2352 1049 2393; x_wconf 90' lang='lat' dir='ltr'><strong>mea</strong></span> <span class='ocrx_word' id='word_1_109' title='bbox 1080 2343 1113 2394; x_wconf 91' lang='lat' dir='ltr'><strong>te</strong></span> <span class='ocrx_word' id='word_1_110' title='bbox 1141 2334 1273 2398; x_wconf 90' lang='lat' dir='ltr'><strong>iuventa</strong></span> <span class='ocrx_word' id='word_1_111' title='bbox 1300 2339 1347 2401; x_wconf 85' lang='lat' dir='ltr'><strong>itu</strong></span> 
     </span>
     <span class='ocr_line' id='line_1_16' title="bbox 255 2427 1346 2516; baseline 0.006 -25"><span class='ocrx_word' id='word_1_112' title='bbox 255 2427 449 2505; x_wconf 89' lang='lat' dir='ltr'><strong>turbabunt,</strong></span> <span class='ocrx_word' id='word_1_113' title='bbox 472 2452 568 2516; x_wconf 91' lang='lat' dir='ltr'><strong>quum</strong></span> <span class='ocrx_word' id='word_1_114' title='bbox 589 2430 679 2494; x_wconf 90' lang='lat' dir='ltr'><strong>nulla</strong></span> <span class='ocrx_word' id='word_1_115' title='bbox 696 2432 738 2494; x_wconf 92' lang='lat' dir='ltr'><strong>sit</strong></span> <span class='ocrx_word' id='word_1_116' title='bbox 760 2431 854 2507; x_wconf 89' lang='lat' dir='ltr'><strong>ratio,</strong></span> <span class='ocrx_word' id='word_1_117' title='bbox 876 2451 939 2516; x_wconf 90' lang='lat' dir='ltr'><strong>qua</strong></span> <span class='ocrx_word' id='word_1_118' title='bbox 960 2429 1108 2494; x_wconf 87' lang='lat' dir='ltr'><strong>bomines</strong></span> <span class='ocrx_word' id='word_1_119' title='bbox 1126 2444 1237 2496; x_wconf 86' lang='lat' dir='ltr'><strong>vatum</strong></span> <span class='ocrx_word' id='word_1_120' title='bbox 1249 2434 1346 2499; x_wconf 87' lang='lat' dir='ltr'><strong>minis</strong></span> 
     </span>
     <span class='ocr_line' id='line_1_17' title="bbox 255 2530 1345 2616; baseline 0.004 -23"><span class='ocrx_word' id='word_1_121' title='bbox 255 2552 295 2593; x_wconf 92' lang='lat' dir='ltr'><strong>ac</strong></span> <span class='ocrx_word' id='word_1_122' title='bbox 314 2530 526 2615; x_wconf 83' lang='lat' dir='ltr'><strong>religionibus</strong></span> <span class='ocrx_word' id='word_1_123' title='bbox 548 2530 705 2595; x_wconf 88' lang='lat' dir='ltr'><strong>obsistere</strong></span> <span class='ocrx_word' id='word_1_124' title='bbox 726 2532 870 2616; x_wconf 76' lang='lat' dir='ltr'><strong>possint,</strong></span> <span class='ocrx_word' id='word_1_125' title='bbox 892 2532 1010 2616; x_wconf 86' lang='lat' dir='ltr'><strong>quippe</strong></span> <span class='ocrx_word' id='word_1_126' title='bbox 1032 2530 1086 2615; x_wconf 90' lang='lat' dir='ltr'><strong>qui</strong></span> <span class='ocrx_word' id='word_1_127' title='bbox 1106 2532 1233 2594; x_wconf 88' lang='lat' dir='ltr'><strong>animae</strong></span> <span class='ocrx_word' id='word_1_128' title='bbox 1252 2546 1345 2597; x_wconf 88' lang='lat' dir='ltr'><strong>uatu-</strong></span> 
     </span>
     <span class='ocr_line' id='line_1_18' title="bbox 255 2628 1345 2715; baseline 0.005 -21"><span class='ocrx_word' id='word_1_129' title='bbox 255 2652 324 2695; x_wconf 88' lang='lat' dir='ltr'><strong>ram</strong></span> <span class='ocrx_word' id='word_1_130' title='bbox 353 2632 541 2715; x_wconf 80' lang='lat' dir='ltr'><strong>ignorantes</strong></span> <span class='ocrx_word' id='word_1_131' title='bbox 569 2646 717 2695; x_wconf 87' lang='lat' dir='ltr'><strong>aeternas</strong></span> <span class='ocrx_word' id='word_1_132' title='bbox 736 2633 769 2694; x_wconf 92' lang='lat' dir='ltr'><strong>in</strong></span> <span class='ocrx_word' id='word_1_133' title='bbox 792 2644 896 2696; x_wconf 86' lang='lat' dir='ltr'><strong>morte</strong></span> <span class='ocrx_word' id='word_1_134' title='bbox 923 2650 1044 2712; x_wconf 87' lang='lat' dir='ltr'><strong>poenas</strong></span> <span class='ocrx_word' id='word_1_135' title='bbox 1066 2632 1208 2695; x_wconf 86' lang='lat' dir='ltr'><strong>timeant.</strong></span> <span class='ocrx_word' id='word_1_136' title='bbox 1251 2628 1345 2706; x_wconf 78' lang='lat' dir='ltr'><strong>Quae</strong></span> 
     </span>
     <span class='ocr_line' id='line_1_19' title="bbox 252 2728 1346 2815; baseline 0.005 -19"><span class='ocrx_word' id='word_1_137' title='bbox 252 2735 320 2815; x_wconf 87' lang='lat' dir='ltr'><strong>jam</strong></span> <span class='ocrx_word' id='word_1_138' title='bbox 345 2730 572 2798; x_wconf 77' lang='lat' dir='ltr'><strong>demonstrabo</strong></span> <span class='ocrx_word' id='word_1_139' title='bbox 593 2730 683 2797; x_wconf 79' lang='lat' dir='ltr'><strong>falsa¹</strong></span> <span class='ocrx_word' id='word_1_140' title='bbox 711 2750 792 2796; x_wconf 87' lang='lat' dir='ltr'><strong>esse.</strong></span> <span class='ocrx_word' id='word_1_141' title='bbox 837 2730 979 2795; x_wconf 86' lang='lat' dir='ltr'><strong>Primum</strong></span> <span class='ocrx_word' id='word_1_142' title='bbox 1003 2728 1178 2794; x_wconf 84' lang='lat' dir='ltr'><strong>Lucretius</strong></span> <span class='ocrx_word' id='word_1_143' title='bbox 1200 2753 1289 2800; x_wconf 89' lang='lat' dir='ltr'><strong>suam</strong></span> <span class='ocrx_word' id='word_1_144' title='bbox 1312 2748 1346 2800; x_wconf 85' lang='lat' dir='ltr'><strong>st</strong></span> 
     </span>
     <span class='ocr_line' id='line_1_20' title="bbox 255 2827 1344 2919; baseline 0.006 -25"><span class='ocrx_word' id='word_1_145' title='bbox 255 2831 387 2916; x_wconf 89' lang='lat' dir='ltr'><strong>Epicuri</strong></span> <span class='ocrx_word' id='word_1_146' title='bbox 419 2832 598 2897; x_wconf 82' lang='lat' dir='ltr'><strong>doctrinam</strong></span> <span class='ocrx_word' id='word_1_147' title='bbox 634 2853 806 2918; x_wconf 88' lang='lat' dir='ltr'><strong>numquam</strong></span> <span class='ocrx_word' id='word_1_148' title='bbox 842 2829 968 2895; x_wconf 90' lang='lat' dir='ltr'><strong>somnia</strong></span> <span class='ocrx_word' id='word_1_149' title='bbox 1001 2827 1220 2914; x_wconf 84' lang='lat' dir='ltr'><strong>appellasset,</strong></span> <span class='ocrx_word' id='word_1_150' title='bbox 1262 2856 1344 2919; x_wconf 88' lang='lat' dir='ltr'><strong>quae</strong></span> 
     </span>
     <span class='ocr_line' id='line_1_21' title="bbox 255 2930 1388 3022; baseline 0.005 -28"><span class='ocrx_word' id='word_1_151' title='bbox 255 2951 385 2995; x_wconf 91' lang='lat' dir='ltr'><strong>omnem</strong></span> <span class='ocrx_word' id='word_1_152' title='bbox 404 2932 501 2996; x_wconf 87' lang='lat' dir='ltr'><strong>vitam</strong></span> <span class='ocrx_word' id='word_1_153' title='bbox 524 2934 638 2995; x_wconf 81' lang='lat' dir='ltr'><strong>timore</strong></span> <span class='ocrx_word' id='word_1_154' title='bbox 658 2932 786 2997; x_wconf 89' lang='lat' dir='ltr'><strong>turbare</strong></span> <span class='ocrx_word' id='word_1_155' title='bbox 809 2944 959 3016; x_wconf 83' lang='lat' dir='ltr'><strong>possent,</strong></span> <span class='ocrx_word' id='word_1_156' title='bbox 981 2952 1022 2994; x_wconf 92' lang='lat' dir='ltr'><strong>ne</strong></span> <span class='ocrx_word' id='word_1_157' title='bbox 1044 2952 1089 2994; x_wconf 84' lang='lat' dir='ltr'><strong>ex</strong></span> <span class='ocrx_word' id='word_1_158' title='bbox 1108 2930 1254 2998; x_wconf 88' lang='lat' dir='ltr'><strong>Memmii</strong></span> <span class='ocrx_word' id='word_1_159' title='bbox 1275 2937 1346 3022; x_wconf 90' lang='lat' dir='ltr'><strong>qui·</strong></span> <span class='ocrx_word' id='word_1_160' title='bbox 1383 2958 1388 2966; x_wconf 91' lang='lat'>·</span> 
     </span>
     <span class='ocr_line' id='line_1_22' title="bbox 256 3028 1344 3115; baseline 0.005 -20"><span class='ocrx_word' id='word_1_161' title='bbox 256 3032 330 3096; x_wconf 89' lang='lat' dir='ltr'><strong>dem</strong></span> <span class='ocrx_word' id='word_1_162' title='bbox 358 3044 482 3112; x_wconf 75' lang='lat' dir='ltr'><strong>mente,</strong></span> <span class='ocrx_word' id='word_1_163' title='bbox 523 3044 559 3095; x_wconf 92' lang='lat' dir='ltr'><strong>ut</strong></span> <span class='ocrx_word' id='word_1_164' title='bbox 588 3031 640 3095; x_wconf 90' lang='lat' dir='ltr'><strong>bic</strong></span> <span class='ocrx_word' id='word_1_165' title='bbox 669 3031 788 3097; x_wconf 84' lang='lat' dir='ltr'><strong>lactum</strong></span> <span class='ocrx_word' id='word_1_166' title='bbox 807 3031 942 3096; x_wconf 87' lang='lat' dir='ltr'><strong>videtur.</strong></span> <span class='ocrx_word' id='word_1_167' title='bbox 985 3028 1069 3096; x_wconf 88' lang='lat' dir='ltr'><strong>Nam</strong></span> <span class='ocrx_word' id='word_1_168' title='bbox 1089 3033 1145 3115; x_wconf 87' lang='lat' dir='ltr'><strong>qui</strong></span> <span class='ocrx_word' id='word_1_169' title='bbox 1164 3031 1263 3098; x_wconf 90' lang='lat' dir='ltr'><strong>modo</strong></span> <span class='ocrx_word' id='word_1_170' title='bbox 1285 3035 1344 3100; x_wconf 87' lang='lat' dir='ltr'><strong>tali</strong></span> 
     </span>
     <span class='ocr_line' id='line_1_23' title="bbox 256 3129 1343 3220; baseline 0.003 -23"><span class='ocrx_word' id='word_1_171' title='bbox 256 3133 355 3197; x_wconf 89' lang='lat' dir='ltr'><strong>animi</strong></span> <span class='ocrx_word' id='word_1_172' title='bbox 381 3129 497 3197; x_wconf 88' lang='lat' dir='ltr'><strong>ardore</strong></span> <span class='ocrx_word' id='word_1_173' title='bbox 520 3132 693 3220; x_wconf 84' lang='lat' dir='ltr'><strong>Epicurum</strong></span> <span class='ocrx_word' id='word_1_174' title='bbox 721 3132 935 3218; x_wconf 85' lang='lat' dir='ltr'><strong>praedicavit,</strong></span> <span class='ocrx_word' id='word_1_175' title='bbox 975 3131 1060 3219; x_wconf 92' lang='lat' dir='ltr'><strong>quod</strong></span> <span class='ocrx_word' id='word_1_176' title='bbox 1080 3133 1147 3196; x_wconf 90' lang='lat' dir='ltr'><strong>acri</strong></span> <span class='ocrx_word' id='word_1_177' title='bbox 1167 3135 1287 3200; x_wconf 87' lang='lat' dir='ltr'><strong>virtute</strong></span> <span class='ocrx_word' id='word_1_178' title='bbox 1309 3149 1343 3200; x_wconf 87' lang='lat' dir='ltr'><strong>ct</strong></span> 
     </span>
     <span class='ocr_line' id='line_1_24' title="bbox 255 3232 1342 3319; baseline 0.003 -22"><span class='ocrx_word' id='word_1_179' title='bbox 255 3232 366 3297; x_wconf 88' lang='lat' dir='ltr'><strong>divino</strong></span> <span class='ocrx_word' id='word_1_180' title='bbox 394 3234 541 3298; x_wconf 89' lang='lat' dir='ltr'><strong>veritatis</strong></span> <span class='ocrx_word' id='word_1_181' title='bbox 575 3255 685 3298; x_wconf 90' lang='lat' dir='ltr'><strong>amore</strong></span> <span class='ocrx_word' id='word_1_182' title='bbox 717 3234 869 3300; x_wconf 87' lang='lat' dir='ltr'><strong>incensus</strong></span> <span class='ocrx_word' id='word_1_183' title='bbox 904 3233 1149 3319; x_wconf 86' lang='lat' dir='ltr'><strong>superstitiones</strong></span> <span class='ocrx_word' id='word_1_184' title='bbox 1187 3248 1342 3314; x_wconf 84' lang='lat' dir='ltr'><strong>euertere,</strong></span> 
     </span>
     <span class='ocr_line' id='line_1_25' title="bbox 255 3333 1343 3420; baseline 0.003 -23"><span class='ocrx_word' id='word_1_185' title='bbox 255 3345 389 3397; x_wconf 86' lang='lat' dir='ltr'><strong>naturae</strong></span> <span class='ocrx_word' id='word_1_186' title='bbox 410 3333 549 3398; x_wconf 81' lang='lat' dir='ltr'><strong>claustra</strong></span> <span class='ocrx_word' id='word_1_187' title='bbox 561 3337 735 3420; x_wconf 84' lang='lat' dir='ltr'><strong>effringere</strong></span> <span class='ocrx_word' id='word_1_188' title='bbox 757 3346 790 3398; x_wconf 86' lang='lat' dir='ltr'><strong>et</strong></span> <span class='ocrx_word' id='word_1_189' title='bbox 811 3335 899 3398; x_wconf 87' lang='lat' dir='ltr'><strong>omni</strong></span> <span class='ocrx_word' id='word_1_190' title='bbox 918 3335 1075 3398; x_wconf 87' lang='lat' dir='ltr'><strong>immenso</strong></span> <span class='ocrx_word' id='word_1_191' title='bbox 1095 3347 1267 3418; x_wconf 81' lang='lat' dir='ltr'><strong>peragrato</strong></span> <span class='ocrx_word' id='word_1_192' title='bbox 1290 3337 1343 3400; x_wconf 92' lang='lat' dir='ltr'><strong>in-</strong></span> 
     </span>
     <span class='ocr_line' id='line_1_26' title="bbox 254 3431 1343 3520; baseline 0.002 -22"><span class='ocrx_word' id='word_1_193' title='bbox 254 3434 356 3516; x_wconf 82' lang='lat' dir='ltr'><strong>signis</strong></span> <span class='ocrx_word' id='word_1_194' title='bbox 378 3435 480 3497; x_wconf 84' lang='lat' dir='ltr'><strong>victor</strong></span> <span class='ocrx_word' id='word_1_195' title='bbox 498 3433 605 3498; x_wconf 88' lang='lat' dir='ltr'><strong>redire</strong></span> <span class='ocrx_word' id='word_1_196' title='bbox 625 3437 777 3519; x_wconf 89' lang='lat' dir='ltr'><strong>potuerit,</strong></span> <span class='ocrx_word' id='word_1_197' title='bbox 798 3439 890 3520; x_wconf 86' lang='lat' dir='ltr'><strong>cujus</strong></span> <span class='ocrx_word' id='word_1_198' title='bbox 910 3431 1046 3518; x_wconf 82' lang='lat' dir='ltr'><strong>pedibus</strong></span> <span class='ocrx_word' id='word_1_199' title='bbox 1059 3432 1196 3519; x_wconf 85' lang='lat' dir='ltr'><strong>subjecti</strong></span> <span class='ocrx_word' id='word_1_200' title='bbox 1210 3433 1343 3520; x_wconf 85' lang='lat' dir='ltr'><strong>religio-</strong></span> 
     </span>
     <span class='ocr_line' id='line_1_27' title="bbox 254 3533 1342 3617; baseline 0.005 -22"><span class='ocrx_word' id='word_1_201' title='bbox 254 3534 306 3595; x_wconf 91' lang='lat' dir='ltr'><strong>nis</strong></span> <span class='ocrx_word' id='word_1_202' title='bbox 336 3545 476 3595; x_wconf 83' lang='lat' dir='ltr'><strong>terroror</strong></span> <span class='ocrx_word' id='word_1_203' title='bbox 503 3535 571 3616; x_wconf 86' lang='lat' dir='ltr'><strong>jam</strong></span> <span class='ocrx_word' id='word_1_204' title='bbox 601 3535 803 3600; x_wconf 86' lang='lat' dir='ltr'><strong>obterantur:</strong></span> <span class='ocrx_word' id='word_1_205' title='bbox 846 3535 898 3598; x_wconf 91' lang='lat' dir='ltr'><strong>hic</strong></span> <span class='ocrx_word' id='word_1_206' title='bbox 925 3533 1032 3597; x_wconf 89' lang='lat' dir='ltr'><strong>statim</strong></span> <span class='ocrx_word' id='word_1_207' title='bbox 1059 3546 1134 3617; x_wconf 91' lang='lat' dir='ltr'><strong>post</strong></span> <span class='ocrx_word' id='word_1_208' title='bbox 1159 3533 1201 3598; x_wconf 87' lang='lat' dir='ltr'><strong>de</strong></span> <span class='ocrx_word' id='word_1_209' title='bbox 1227 3533 1342 3600; x_wconf 85' lang='lat' dir='ltr'><strong>eadem</strong></span> 
     </span>
     <span class='ocr_line' id='line_1_28' title="bbox 255 3631 1341 3719; baseline 0.003 -24"><span class='ocrx_word' id='word_1_210' title='bbox 255 3631 402 3695; x_wconf 90' lang='lat' dir='ltr'><strong>doctriua</strong></span> <span class='ocrx_word' id='word_1_211' title='bbox 431 3653 472 3696; x_wconf 88' lang='lat' dir='ltr'><strong>ns</strong></span> <span class='ocrx_word' id='word_1_212' title='bbox 501 3655 546 3698; x_wconf 84' lang='lat' dir='ltr'><strong>ex</strong></span> <span class='ocrx_word' id='word_1_213' title='bbox 574 3632 708 3698; x_wconf 86' lang='lat' dir='ltr'><strong>alterius</strong></span> <span class='ocrx_word' id='word_1_214' title='bbox 731 3633 860 3719; x_wconf 86' lang='lat' dir='ltr'><strong>quidem</strong></span> <span class='ocrx_word' id='word_1_215' title='bbox 876 3645 984 3697; x_wconf 88' lang='lat' dir='ltr'><strong>mente</strong></span> <span class='ocrx_word' id='word_1_216' title='bbox 1004 3655 1075 3699; x_wconf 87' lang='lat' dir='ltr'><strong>cunr</strong></span> <span class='ocrx_word' id='word_1_217' title='bbox 1099 3633 1156 3699; x_wconf 86' lang='lat' dir='ltr'><strong>tali</strong></span> <span class='ocrx_word' id='word_1_218' title='bbox 1178 3647 1341 3699; x_wconf 91' lang='lat' dir='ltr'><strong>contemtu</strong></span> 
     </span>
     <span class='ocr_line' id='line_1_29' title="bbox 254 3729 1343 3818; baseline 0.006 -24"><span class='ocrx_word' id='word_1_219' title='bbox 254 3729 342 3817; x_wconf 89' lang='lat' dir='ltr'><strong>loqui</strong></span> <span class='ocrx_word' id='word_1_220' title='bbox 370 3733 495 3818; x_wconf 86' lang='lat' dir='ltr'><strong>potuit,</strong></span> <span class='ocrx_word' id='word_1_221' title='bbox 536 3734 599 3798; x_wconf 88' lang='lat' dir='ltr'><strong>nisi</strong></span> <span class='ocrx_word' id='word_1_222' title='bbox 628 3731 685 3798; x_wconf 85' lang='lat' dir='ltr'><strong>illa</strong></span> <span class='ocrx_word' id='word_1_223' title='bbox 708 3734 816 3798; x_wconf 88' lang='lat' dir='ltr'><strong>omnia</strong></span> <span class='ocrx_word' id='word_1_224' title='bbox 844 3734 965 3799; x_wconf 85' lang='lat' dir='ltr'><strong>frustra</strong></span> <span class='ocrx_word' id='word_1_225' title='bbox 992 3756 1028 3798; x_wconf 87' lang='lat' dir='ltr'><strong>se</strong></span> <span class='ocrx_word' id='word_1_226' title='bbox 1053 3733 1178 3800; x_wconf 83' lang='lat' dir='ltr'><strong>dixisse</strong></span> <span class='ocrx_word' id='word_1_227' title='bbox 1203 3743 1343 3816; x_wconf 81' lang='lat' dir='ltr'><strong>putaret.</strong></span> 
     </span>
     <span class='ocr_line' id='line_1_30' title="bbox 253 3830 1343 3916; baseline 0 -19"><span class='ocrx_word' id='word_1_228' title='bbox 253 3830 301 3897; x_wconf 91' lang='lat' dir='ltr'><strong>Ut</strong></span> <span class='ocrx_word' id='word_1_229' title='bbox 320 3853 397 3896; x_wconf 82' lang='lat' dir='ltr'><strong>vero</strong></span> <span class='ocrx_word' id='word_1_230' title='bbox 418 3832 630 3899; x_wconf 88' lang='lat' dir='ltr'><strong>concedamus</strong></span> <span class='ocrx_word' id='word_1_231' title='bbox 651 3833 842 3899; x_wconf 82' lang='lat' dir='ltr'><strong>Lucretium</strong></span> <span class='ocrx_word' id='word_1_232' title='bbox 870 3847 976 3900; x_wconf 87' lang='lat' dir='ltr'><strong>tamen</strong></span> <span class='ocrx_word' id='word_1_233' title='bbox 998 3834 1032 3898; x_wconf 92' lang='lat' dir='ltr'><strong>id</strong></span> <span class='ocrx_word' id='word_1_234' title='bbox 1062 3833 1170 3898; x_wconf 83' lang='lat' dir='ltr'><strong>dicere</strong></span> <span class='ocrx_word' id='word_1_235' title='bbox 1187 3832 1343 3916; x_wconf 85' lang='lat' dir='ltr'><strong>potuisse,</strong></span> 
     </span>
     <span class='ocr_line' id='line_1_31' title="bbox 254 3930 1360 4027; baseline 0.002 -31"><span class='ocrx_word' id='word_1_236' title='bbox 254 3945 321 3996; x_wconf 90' lang='lat' dir='ltr'><strong>tum</strong></span> <span class='ocrx_word' id='word_1_237' title='bbox 343 3945 430 3997; x_wconf 87' lang='lat' dir='ltr'><strong>certe</strong></span> <span class='ocrx_word' id='word_1_238' title='bbox 448 3931 561 3998; x_wconf 88' lang='lat' dir='ltr'><strong>lalsam</strong></span> <span class='ocrx_word' id='word_1_239' title='bbox 573 3932 715 3999; x_wconf 84' lang='lat' dir='ltr'><strong>Memmii</strong></span> <span class='ocrx_word' id='word_1_240' title='bbox 736 3935 954 4021; x_wconf 85' lang='lat' dir='ltr'><strong>suspicionem</strong></span> <span class='ocrx_word' id='word_1_241' title='bbox 967 3938 1159 4019; x_wconf 80' lang='lat' dir='ltr'><strong>impugnare</strong></span> <span class='ocrx_word' id='word_1_242' title='bbox 1181 3930 1360 4027; x_wconf 59' lang='lat' dir='ltr'><strong>debehat,</strong></span> 
     </span>
     <span class='ocr_line' id='line_1_32' title="bbox 256 4033 1341 4120; baseline 0.001 -25"><span class='ocrx_word' id='word_1_243' title='bbox 256 4033 342 4120; x_wconf 90' lang='lat' dir='ltr'><strong>quod</strong></span> <span class='ocrx_word' id='word_1_244' title='bbox 372 4053 445 4106; x_wconf 83' lang='lat' dir='ltr'><strong>uon</strong></span> <span class='ocrx_word' id='word_1_245' title='bbox 477 4033 575 4097; x_wconf 91' lang='lat' dir='ltr'><strong>modo</strong></span> <span class='ocrx_word' id='word_1_246' title='bbox 600 4055 665 4097; x_wconf 92' lang='lat' dir='ltr'><strong>non</strong></span> <span class='ocrx_word' id='word_1_247' title='bbox 689 4036 784 4111; x_wconf 86' lang='lat' dir='ltr'><strong>fecit,</strong></span> <span class='ocrx_word' id='word_1_248' title='bbox 826 4035 884 4098; x_wconf 86' lang='lat' dir='ltr'><strong>sed</strong></span> <span class='ocrx_word' id='word_1_249' title='bbox 911 4034 1110 4099; x_wconf 87' lang='lat' dir='ltr'><strong>confirmavit</strong></span> <span class='ocrx_word' id='word_1_250' title='bbox 1138 4055 1208 4097; x_wconf 86' lang='lat' dir='ltr'><strong>eam</strong></span> <span class='ocrx_word' id='word_1_251' title='bbox 1243 4054 1341 4118; x_wconf 90' lang='lat' dir='ltr'><strong>quum</strong></span> 
     </span>
     <span class='ocr_line' id='line_1_33' title="bbox 255 4132 1342 4218; baseline 0.001 -23"><span class='ocrx_word' id='word_1_252' title='bbox 255 4146 418 4217; x_wconf 90' lang='lat' dir='ltr'><strong>tamquam</strong></span> <span class='ocrx_word' id='word_1_253' title='bbox 446 4136 500 4215; x_wconf 77' lang='lat' dir='ltr'><strong>jus</strong></span> <span class='ocrx_word' id='word_1_254' title='bbox 527 4135 592 4200; x_wconf 88' lang='lat' dir='ltr'><strong>sibi</strong></span> <span class='ocrx_word' id='word_1_255' title='bbox 613 4132 842 4210; x_wconf 88' lang='lat' dir='ltr'><strong>vindicaverit,</strong></span> <span class='ocrx_word' id='word_1_256' title='bbox 883 4149 919 4197; x_wconf 93' lang='lat' dir='ltr'><strong>ut</strong></span> <span class='ocrx_word' id='word_1_257' title='bbox 940 4138 1009 4218; x_wconf 89' lang='lat' dir='ltr'><strong>ipse</strong></span> <span class='ocrx_word' id='word_1_258' title='bbox 1029 4134 1111 4198; x_wconf 90' lang='lat' dir='ltr'><strong>sicut</strong></span> <span class='ocrx_word' id='word_1_259' title='bbox 1128 4136 1227 4199; x_wconf 91' lang='lat' dir='ltr'><strong>ceteri</strong></span> <span class='ocrx_word' id='word_1_260' title='bbox 1249 4142 1342 4196; x_wconf 85' lang='lat' dir='ltr'><strong>vates</strong></span> 
     </span>
     <span class='ocr_line' id='line_1_34' title="bbox 255 4231 1342 4320; baseline 0.006 -25"><span class='ocrx_word' id='word_1_261' title='bbox 255 4232 420 4295; x_wconf 90' lang='lat' dir='ltr'><strong>bominum</strong></span> <span class='ocrx_word' id='word_1_262' title='bbox 450 4236 572 4303; x_wconf 86' lang='lat' dir='ltr'><strong>animos</strong></span> <span class='ocrx_word' id='word_1_263' title='bbox 591 4237 687 4301; x_wconf 90' lang='lat' dir='ltr'><strong>minis</strong></span> <span class='ocrx_word' id='word_1_264' title='bbox 707 4255 745 4300; x_wconf 90' lang='lat' dir='ltr'><strong>ac</strong></span> <span class='ocrx_word' id='word_1_265' title='bbox 762 4231 974 4320; x_wconf 82' lang='lat' dir='ltr'><strong>religionibus</strong></span> <span class='ocrx_word' id='word_1_266' title='bbox 993 4231 1194 4318; x_wconf 86' lang='lat' dir='ltr'><strong>obstringere</strong></span> <span class='ocrx_word' id='word_1_267' title='bbox 1221 4244 1342 4314; x_wconf 69' lang='lat' dir='ltr'><strong>posset.</strong></span> 
     </span>
     <span class='ocr_line' id='line_1_35' title="bbox 255 4329 1340 4421; baseline 0.002 -27"><span class='ocrx_word' id='word_1_268' title='bbox 255 4330 344 4395; x_wconf 90' lang='lat' dir='ltr'><strong>Idem</strong></span> <span class='ocrx_word' id='word_1_269' title='bbox 366 4333 465 4416; x_wconf 87' lang='lat' dir='ltr'><strong>igitur</strong></span> <span class='ocrx_word' id='word_1_270' title='bbox 491 4335 545 4418; x_wconf 90' lang='lat' dir='ltr'><strong>qui</strong></span> <span class='ocrx_word' id='word_1_271' title='bbox 573 4333 681 4420; x_wconf 87' lang='lat' dir='ltr'><strong>paullo</strong></span> <span class='ocrx_word' id='word_1_272' title='bbox 707 4347 783 4400; x_wconf 87' lang='lat' dir='ltr'><strong>aute</strong></span> <span class='ocrx_word' id='word_1_273' title='bbox 803 4353 839 4398; x_wconf 82' lang='lat' dir='ltr'><strong>se</strong></span> <span class='ocrx_word' id='word_1_274' title='bbox 866 4334 1033 4421; x_wconf 81' lang='lat' dir='ltr'><strong>professus</strong></span> <span class='ocrx_word' id='word_1_275' title='bbox 1054 4346 1103 4397; x_wconf 85' lang='lat' dir='ltr'><strong>est</strong></span> <span class='ocrx_word' id='word_1_276' title='bbox 1130 4331 1279 4395; x_wconf 82' lang='lat' dir='ltr'><strong>homiues</strong></span> <span class='ocrx_word' id='word_1_277' title='bbox 1299 4329 1340 4396; x_wconf 91' lang='lat' dir='ltr'><strong>ab</strong></span> 
     </span>
     <span class='ocr_line' id='line_1_36' title="bbox 255 4429 1342 4519; baseline 0.002 -24"><span class='ocrx_word' id='word_1_278' title='bbox 255 4430 450 4517; x_wconf 88' lang='lat' dir='ltr'><strong>religionum</strong></span> <span class='ocrx_word' id='word_1_279' title='bbox 467 4447 556 4499; x_wconf 85' lang='lat' dir='ltr'><strong>metu</strong></span> <span class='ocrx_word' id='word_1_280' title='bbox 574 4433 783 4502; x_wconf 87' lang='lat' dir='ltr'><strong>liberaturum</strong></span> <span class='ocrx_word' id='word_1_281' title='bbox 805 4457 893 4514; x_wconf 86' lang='lat' dir='ltr'><strong>esse,</strong></span> <span class='ocrx_word' id='word_1_282' title='bbox 915 4437 969 4519; x_wconf 87' lang='lat' dir='ltr'><strong>qui</strong></span> <span class='ocrx_word' id='word_1_283' title='bbox 989 4431 1087 4499; x_wconf 88' lang='lat' dir='ltr'><strong>modo</strong></span> <span class='ocrx_word' id='word_1_284' title='bbox 1107 4429 1218 4496; x_wconf 87' lang='lat' dir='ltr'><strong>verbis</strong></span> <span class='ocrx_word' id='word_1_285' title='bbox 1237 4444 1342 4497; x_wconf 76' lang='lat' dir='ltr'><strong>notem</strong></span> 
     </span>
     <span class='ocr_line' id='line_1_37' title="bbox 257 4530 1341 4614; baseline 0.002 -18"><span class='ocrx_word' id='word_1_286' title='bbox 257 4541 432 4614; x_wconf 68' lang='lat' dir='ltr'><strong>terriloquis</strong></span> <span class='ocrx_word' id='word_1_287' title='bbox 449 4540 549 4600; x_wconf 75' lang='lat' dir='ltr'><strong>victur</strong></span> <span class='ocrx_word' id='word_1_288' title='bbox 568 4542 654 4602; x_wconf 71' lang='lat' dir='ltr'><strong>dioto</strong></span> <span class='ocrx_word' id='word_1_289' title='bbox 674 4557 695 4598; x_wconf 88' lang='lat' dir='ltr'><strong>o</strong></span> <span class='ocrx_word' id='word_1_290' title='bbox 713 4543 800 4600; x_wconf 80' lang='lat' dir='ltr'><strong>uota</strong></span> <span class='ocrx_word' id='word_1_291' title='bbox 819 4544 989 4604; x_wconf 66' lang='lat' dir='ltr'><strong>marcere</strong></span> <span class='ocrx_word' id='word_1_292' title='bbox 1007 4530 1284 4614; x_wconf 66' lang='lat' dir='ltr'><strong>promeantibus</strong></span> <span class='ocrx_word' id='word_1_293' title='bbox 1304 4553 1341 4598; x_wconf 81' lang='lat' dir='ltr'><strong>se</strong></span> 
     </span>
     <span class='ocr_line' id='line_1_38' title="bbox 528 4635 1134 4697; baseline 0.003 -11"><span class='ocrx_word' id='word_1_294' title='bbox 528 4672 534 4686; x_wconf 92' lang='lat'><strong>.</strong></span> <span class='ocrx_word' id='word_1_295' title='bbox 1084 4635 1134 4697; x_wconf 61' lang='lat'><strong>1*</strong></span> 
     </span>
    </p>
   </div>
   <div class='ocr_carea' id='block_1_4' title="bbox 0 0 1788 5550">
    <p class='ocr_par' dir='ltr' id='par_1_5' title="bbox 0 0 1788 5550">
     <span class='ocr_line' id='line_1_39' title="bbox 0 0 1788 5550; baseline 0 1"><span class='ocrx_word' id='word_1_296' title='bbox 0 0 1788 5550; x_wconf 95' lang='lat' dir='ltr'><strong> </strong></span> 
     </span>
    </p>
   </div>
  </div>
 </body>
</html>
