3567 5550
808 708 1061 779 ...14-

395 890 515 958 nullius
533 891 686 955 momenti
705 888 745 953 ab
766 893 807 955 iis
828 886 977 973 neglecta
999 899 1059 952 est.
1101 887 1231 954 Lucret.
1255 910 1294 952 ea
1316 889 1486 973 particula,

391 1016 477 1081 quae
497 1006 649 1078 quantum
669 991 815 1075 equidem
837 990 906 1055 scio
926 989 1010 1075 apud
1024 990 1106 1055 alios
1124 990 1297 1074 scriptores
1313 1010 1378 1052 non
1393 1013 1487 1077 repe·

394 1096 491 1172 ritur,
526 1090 693 1178 quinquies
717 1088 848 1155 omnino
869 1111 948 1153 usus
970 1102 1035 1168 est3
1071 1101 1104 1154 et
1127 1112 1319 1176 quamquam
1340 1090 1485 1156 additum

390 1202 448 1275 pro
461 1192 519 1258 vix
537 1190 626 1257 aliutl
636 1190 712 1277 quid
726 1190 853 1257 efficere
864 1202 982 1275 potest,
1001 1191 1063 1253 nisi
1076 1202 1112 1253 ut
1122 1192 1187 1254 vim
1202 1191 1380 1275 particulae
1389 1213 1484 1270 porro

394 1295 558 1380 aliquanto
584 1302 716 1374 augeat,
761 1306 796 1355 ut
823 1292 892 1355 fere
922 1288 1081 1376 significet
1099 1312 1194 1369 porro
1215 1301 1323 1353 eonem
1342 1302 1396 1354 cto
1416 1293 1485 1356 sive

393 1406 530 1475 ratione;
552 1390 724 1457 admodum
742 1404 848 1456 tamen
873 1390 1092 1455 memorabilis
1109 1403 1259 1457 estoerta
1278 1414 1316 1454 ac
1335 1405 1485 1457 constans

394 1498 493 1574 ratio,
524 1517 586 1580 qua
612 1506 709 1578 pocta
735 1492 817 1557 illud
845 1512 1005 1577 proporro
1035 1491 1193 1556 adhibuit.
1242 1487 1370 1577 Ubique
1398 1494 1486 1556 enim

395 1596 557 1659 sententie
577 1587 738 1678 pustulat,
775 1608 811 1657 ut
833 1593 934 1657 series
957 1593 1027 1656 sive
1048 1604 1083 1655 ut
1105 1595 1152 1656 ita
1174 1592 1279 1657 dicam
1298 1593 1484 1679 progressio

395 1692 552 1780 quaedam
569 1694 739 1775 cogitetur,
762 1693 853 1774 cujus
869 1696 904 1755 in
927 1690 1029 1756 altero
1052 1694 1196 1757 membro
1219 1691 1486 1777 prioris‘mcmbri

393 1794 612 1881 praedicatum
633 1816 731 1877 porro
752 1814 824 1857 cum
845 1792 911 1857 alio
932 1792 1077 1876 subjecto
1093 1796 1258 1879 jungatur,
1280 1795 1365 1880 quod
1379 1807 1485 1857 tamen

393 1896 501 1980 aliquo
525 1893 621 1959 modo
645 1894 686 1959 ad
707 1896 797 1978 prius
820 1890 999 1977 subjectum
1020 1896 1191 1979 pertineat.
1235 1894 1486 1981 Exemplorum

394 1997 523 2062 facilius
544 1994 767 2061 illustrabunt:
793 2002 825 2073 2,
847 1992 922 2068 973,
1378 2063 1391 2073 ,

519 2102 660 2175 Dareique
678 2104 725 2157 ott
741 2102 862 2172 possint
879 2100 995 2155 tenore
1014 2103 1169 2159 animatio
1188 2085 1337 2179 puerpura,

522 2204 688 2275 Principiis
706 2202 736 2258 st
749 2198 823 2272 jnm
844 2205 891 2257 est
910 2213 1022 2255 sensus
1044 2203 1367 2275 momentanearum

522 2302 603 2371 Quin
610 2292 628 2358 θ
647 2316 746 2374 penus
761 2302 929 2358 tremonem
939 2304 1103 2373 propritim
1119 2307 1157 2361 rte
1167 2305 1280 2379 quibus
1290 2310 1415 2363 auctum
1427 2309 1483 2376 cot,

520 2390 645 2461 Scilicet
664 2411 695 2461 et
715 2406 784 2459 otuu
805 2402 935 2459 tremulo
957 2413 1108 2459 conctusa
1124 2408 1318 2476 acclamarunt,

392 2518 407 2539 ⁸
520 2504 565 2559 nt
584 2504 731 2559 lacrumis
749 2507 902 2575 sperquot
919 2503 1096 2559 rorantibus
1118 2518 1176 2561 oro
1193 2518 1358 2578 uenasque,

522 2602 682 2675 Multoque
700 2605 738 2660 de
756 2616 863 2659 rerum
881 2606 1022 2659 mictum
1039 2605 1140 2659 dicere
1158 2606 1278 2678 callent,

520 2702 564 2760 Et
581 2701 640 2759 sibe·
657 2716 808 2778 proporro
827 2717 910 2777 poue
929 2704 992 2759 siat
1011 2704 1182 2776 primordia
1206 2710 1369 2779 quaerunt.

479 2796 579 2862 Plena
601 2800 760 2862 sententia
784 2812 849 2862 est:
890 2808 926 2860 ut
946 2797 1091 2861 homiues
1112 2812 1289 2886 quaerunt,
1323 2795 1487 2884 quaesibi

394 2898 572 2985 primordie
594 2900 669 2974 sint,
688 2899 734 2960 ita
756 2899 827 2982 ipsa
848 2921 866 2962 c
886 2897 1001 2983 quibus
1023 2899 1171 2963 homines
1191 2900 1486 2989 constantprimor-

396 3003 450 3066 dia
472 2998 585 3063 eadem
616 3018 712 3083 porro
739 3001 864 3063 ratione
893 3011 1067 3084 quaerunt,
1111 2999 1284 3083 quaesibi
1311 2998 1516 3085 primordia·
1580 3034 1586 3042 «

396 3102 471 3166 sint:
493 3103 525 3175 3,
549 3102 622 3161 275.
665 3103 764 3178 Atque
784 3108 888 3161 animo
909 3114 956 3163 est
978 3110 1100 3161 ammae
1123 3120 1275 3176 proporro
1295 3110 1485 3183 totiustpsa.
1546 3088 1550 3100 ’

396 3204 510 3268 Sermo
540 3213 589 3262 est
614 3197 654 3261 de
681 3195 890 3264 subtilissima
913 3198 972 3264 ille
998 3213 1031 3264 et
1051 3201 1219 3282 incognita
1239 3194 1375 3274 natura‚'
1406 3223 1486 3286 quac

395 3300 491 3366 simul
513 3320 688 3386 clamatore,
710 3319 788 3363 aura
810 3312 842 3363 et
861 3322 982 3384 vapore
1002 3302 1142 3363 animum
1160 3314 1304 3366 nostrum
1318 3301 1426 3378 faciat,
1448 3323 1488 3366 ea

292 3397 295 3406 ’
397 3409 504 3468 tamen
526 3398 730 3476 conditione,
763 3411 797 3462 ot
818 3403 890 3487 ipsa
911 3403 1081 3486 potissima
1102 3402 1201 3464 totius
1222 3403 1319 3464 animi
1341 3411 1416 3486 pars
1434 3405 1487 3481 sit,

397 3501 484 3564 omni
506 3513 594 3563 motu
624 3499 664 3564 ab
688 3521 725 3563 ea
749 3502 921 3566 exordium
941 3516 1096 3568 sumente.
1138 3500 1228 3566 Dicit
1247 3503 1347 3586 igitur
1366 3502 1487 3565 Lucre·

396 3605 478 3667 tius:
500 3615 535 3664 ut
550 3599 584 3663 id
607 3601 691 3687 quod
714 3604 856 3666 animum
878 3607 946 3668 sive
967 3606 1108 3669 animam
1121 3615 1263 3666 nostram
1278 3600 1487 3688 appellamus,

396 3704 504 3766 anima
526 3712 576 3766 est
596 3703 698 3765 nestri
719 3705 883 3786 corporis,
905 3704 1020 3769 eadem
1041 3721 1138 3790 porro
1158 3705 1284 3770 ratione
1305 3701 1363 3765 illa
1384 3699 1486 3764 subti-

391 3802 518 3868 lissima
550 3814 664 3867 natura
690 3802 797 3864 anima
829 3817 878 3867 est
904 3807 1003 3868 totius
1029 3805 1164 3870 animae.
1208 3800 1299 3877 Quae
1326 3803 1487 3866 sententia

320 3915 324 3921 “
398 3906 507 3968 statim
529 3899 643 3965 vast.
665 3902 840 3985 repetitur:
862 3917 955 3984 utque
975 3913 1099 3967 ammos
1118 3910 1485 3985 ptmsttcttusipsol’ro-

393 4021 488 4082 porro
519 4011 568 4064 est
597 4010 702 4063 cotnra
731 4011 962 4070 attaminatur
990 4026 1117 4084 corpore
1147 4018 1216 4070 tcto.
1257 4013 1290 4080 4,
1313 4000 1388 4067 891.
1410 4011 1486 4067 Inde

397 4126 436 4167 eu
455 4102 603 4184 (emma)
622 4120 772 4178 proporro
794 4127 906 4186 corpus
922 4110 1013 4188 ferit,
1043 4104 1075 4169 h.
1098 4129 1129 4175 e.
1150 4118 1186 4168 ut
1202 4103 1326 4167 animus
1347 4107 1487 4169 animam

396 4203 485 4269 feriit
502 4216 598 4290 atque
622 4205 815 4282 comnwvit,
845 4210 951 4273 anima
972 4205 1086 4272 eadem
1103 4225 1200 4290 porro
1223 4206 1348 4268 ratione
1370 4225 1486 4290 corpus

397 4305 481 4370 ferit.
504 4297 747 4388 Hiucsequitur
766 4309 862 4370 etiam
881 4317 954 4372 'eum
974 4308 1016 4372 tle
1038 4325 1102 4389 quo
1119 4305 1245 4388 agimus
1263 4304 1368 4371 locum
1388 4304 1487 4369 simili

399 4402 496 4470 niodo
523 4403 749 4490 explicandum
776 4425 866 4486 esse3
908 4427 968 4471 nec
996 4404 1133 4471 obscura
1152 4420 1202 4472 est
1226 4413 1297 4495 ejus
1317 4407 1485 4472 sententia.

399 4501 445 4570 Ut
463 4505 526 4571 viri
545 4506 608 4590 ipsi
630 4518 820 4586 senuerunt,
848 4508 953 4596 inquit
971 4520 1085 4596 poeta,
1108 4508 1221 4576 codem
1240 4527 1338 4596 porro
1359 4507 1485 4572 ratione
1600 4552 1601 4555 ,
