3567 5550
809 624 1057 697 ..10-

392 815 531 903 positum
552 806 740 874 inveniatur.
764 803 934 889 Ejusmodi
953 802 1044 870 locos
1067 816 1204 890 quatuor
1221 807 1353 889 quidem
1374 807 1486 874 Hand.

392 920 636 986 commemorst3
677 920 710 970 at
733 903 899 971 Ciceronis
919 904 1010 971 illum
1033 906 1074 969 de
1097 904 1202 990 [regg.
1222 908 1253 984 3,
1277 912 1308 985 3,
1328 910 1357 973 9.
1380 908 1486 975 orell.

392 1016 511 1102 optima
532 1012 717 1094 conjectura
737 1008 877 1081 sanavit,
898 1015 1123 1087 equitatumque
1141 1014 1196 1086 out
1215 1022 1302 1087 repat
1319 1011 1484 1093 scribens3

392 1117 473 1183 alius
501 1134 547 1175 ex
570 1108 680 1173 codice
702 1106 865 1171 Theodos.
889 1106 940 1183 to,
963 1110 995 1182 6,
1021 1111 1070 1171 32.
1096 1106 1233 1173 allatus:
1279 1114 1400 1173 Aurum
1419 1128 1487 1176 stoc

391 1226 551 1295 arpentum
575 1229 703 1287 eumue
728 1228 749 1269 a
767 1225 945 1285 possessore
964 1209 1135 1287 conpertus,
1169 1219 1314 1271 arcarius
1343 1220 1396 1273 vel
1423 1234 1484 1275 su.

389 1328 508 1395 sceptor
528 1318 671 1399 occipiat,
693 1308 720 1370 si
744 1319 845 1370 totum
866 1325 939 1368 eum
963 1306 1163 1387 consideres,
1181 1309 1303 1390 justam
1325 1317 1484 1378 orationis

391 1413 678 1484 conformationem
706 1408 836 1473 omnino
870 1425 935 1469 non
960 1405 1117 1481 admittit,
1155 1412 1217 1473 nisi
1245 1433 1316 1475 cam
1338 1411 1481 1497 Hngone

392 1542 437 1585 ex
469 1514 538 1579 cod.
571 1509 655 1574 Just.
686 1517 894 1586 enodatumque
920 1528 942 1569 a
969 1527 1148 1586 possessore
1184 1515 1344 1587 confertur
1381 1511 1483 1595 legas.

392 1616 482 1685 Nulli
510 1614 610 1697 igitur
638 1609 698 1673 nisi
721 1607 786 1672 duo
808 1604 1032 1690 relinquuntur
1053 1607 1139 1685 ioci,
1174 1609 1257 1674 alter
1278 1611 1409 1675 Horatii
1429 1610 1481 1675 od.

394 1723 423 1800 1,
444 1724 498 1794 32,
528 1713 576 1776 15.
604 1708 687 1773 alter
720 1707 864 1772 Lucretii
899 1707 931 1787 5,
959 1709 1044 1784 313,
1080 1709 1195 1794 quibas
1222 1712 1283 1777 hoo
1312 1734 1483 1777 commune

393 1834 442 1889 est
449 1866 462 1901 ,
495 1812 578 1901 quod
594 1814 629 1875 in
644 1820 779 1894 utroque
801 1830 930 1887 cumque
948 1821 1022 1892 post
1045 1830 1222 1894 pronomen
1234 1813 1334 1878 subet.
1348 1811 1480 1897 iegitur.

392 1919 520 1991 Horatii
539 1914 581 1979 ad
599 1912 704 1994 lyram
727 1910 824 1975 verba
844 1911 1015 1973 notissima
1036 1922 1125 1975 sunt:
1156 1920 1228 1976 nant
1250 1934 1377 1994 mosque
1396 1922 1484 1975 satec

393 2032 462 2089 tetre
487 2023 624 2091 coccam
668 2011 799 2075 [rueret.
830 2009 1027 2074 solidissima
1049 2032 1194 2097 quaeque
1222 2017 1376 2098 temporis
1397 2016 1483 2078 vires

394 2124 514 2191 sentire
537 2129 569 2183 et
589 2114 688 2197 longo
711 2132 790 2177 aevo
811 2123 997 2195 putrescere
1018 2134 1090 2177 oum
1113 2113 1222 2179 multis
1237 2104 1312 2178 aliis
1333 2128 1399 2178 turn
1421 2114 1483 2179 hoc

393 2228 489 2293 docet
509 2214 678 2301 exemplot

482 2322 620 2395 Denique
640 2337 701 2378 non
721 2323 902 2377 menimento
924 2320 1026 2375 otram
1046 2322 1170 2391 dilapso
1190 2314 1354 2379 uidemus?

481 2425 637 2488 Quaerere
646 2436 796 2493 proporro
807 2420 866 2476 sebi
880 2434 1007 2491 cumque
1016 2436 1176 2479 senescere
1186 2423 1303 2476 credes.

455 2514 491 2578 ln
504 2513 786 2601 quorumlooorum
799 2516 1063 2597 interpretatione
1073 2511 1181 2576 Hand.
1193 2513 1256 2576 sibi
1270 2533 1335 2577 non
1349 2525 1484 2592 constat,

394 2639 521 2697 cumque
532 2616 615 2703 apud
626 2612 705 2677 Hor.
723 2634 792 2677 cnm
802 2612 912 2679 Sobel.
923 2625 1175 2699 quotacumque,
1187 2622 1438 2693 quarumcumque
1452 2628 1483 2677 te

393 2738 539 2784 uocauere
542 2764 556 2799 ,
578 2716 664 2803 apud
684 2716 778 2780 Lacr.
798 2736 919 2796 quoquo
938 2727 1025 2782 morto
1047 2713 1225 2802 explicans.
1267 2711 1363 2789 Quod
1383 2716 1483 2798 igitur

362 2850 363 2853 ¹
393 2820 435 2884 ed
454 2819 624 2884 Horatium
651 2821 787 2897 attinet,
828 2815 931 2884 Orell.
956 2831 1049 2882 acute
1070 2816 1237 2883 observat:
1283 2819 1334 2894 „si
1354 2837 1482 2896 carmes

395 2935 480 2987 esset
498 2929 758 3001 qrmttescnmqne,
782 2931 877 3002 poeta
897 2917 1004 2982 dicere
1025 2919 1203 2996 videretur,
1230 2917 1388 2981 interdum
1410 2917 1484 2983 fieri

393 3025 491 3086 etium
510 3038 620 3104 posse,
646 3032 682 3081 ut
701 3017 805 3101 lyram
823 3041 849 3082 s.
865 3019 993 3085 Musam
1014 3023 1076 3084 rite
1098 3023 1304 3084 invocaturus
1325 3039 1391 3081 non
1414 3022 1484 3082 sit.“

394 3122 498 3199 Quem
536 3140 613 3182 vero
641 3120 710 3201 ipse
747 3117 923 3204 particulae
957 3119 1173 3203 significatum
1196 3122 1327 3184 statuit:
1365 3112 1480 3194 ὁπως-

393 3217 529 3305 ὃὴποτε,
563 3239 766 3299 quocumque,
800 3241 920 3300 quoquo
948 3230 1053 3302 modo,
1096 3224 1126 3284 is
1153 3233 1324 3307 propterea
1352 3219 1486 3304 probari⁸

393 3321 522 3406 nequit,
545 3320 716 3406 quoniam,
739 3317 793 3382 ubi
814 3335 912 3404 poeta
931 3321 1029 3385 dixit:
1049 3342 1168 3401 quoquo
1188 3330 1276 3384 modo
1296 3329 1369 3383 notter·
1386 3330 1481 3400 satos,

394 3441 460 3486 non
481 3419 567 3484 idem
589 3419 807 3484 conditionem
828 3420 948 3485 addere
969 3422 1108 3490 debebat
1127 3431 1186 3484 rite
1204 3433 1330 3485 vocanti.
1357 3419 1396 3489 la
1415 3423 1483 3486 Lu·
1598 3432 1599 3437 ’

393 3521 487 3586 cretii
517 3531 625 3584 autem
654 3541 749 3584 versu
776 3521 942 3606 utrumque
971 3525 1093 3608 pariter
1114 3523 1257 3608 ineptum
1277 3535 1379 3599 esset,
1415 3525 1483 3586 sive

394 3642 520 3707 quoquo
545 3619 642 3683 modo
663 3621 730 3684 sive
753 3641 879 3708 quoquo
905 3635 1047 3708 tempore
1075 3638 1281 3688 monumenta
1302 3624 1483 3686 dicerentur

394 3733 591 3786 senectutem
602 3719 662 3784 sibi
677 3742 841 3804 quaerere.
863 3720 955 3797 Quae
969 3735 1138 3808 praeterea
1151 3724 1191 3788 ab
1200 3723 1331 3788 Handio
1344 3720 1485 3787 etOrel-

392 3821 438 3886 lio
461 3835 750 3887 commemorantur
774 3821 943 3906 exempla,
975 3825 1084 3887 omnia
1108 3846 1151 3888 ex
1173 3824 1321 3890 Lucretii
1341 3825 1482 3890 carmine

394 3923 561 4008 depromta
583 3931 677 4006 atque
698 3925 743 3988 ita
764 3935 948 4008 comparata
966 3940 1060 4004 sunt,
1090 3939 1126 3990 ut
1148 3929 1325 4004 comperio
1347 3924 1483 3990 relativa

393 4035 448 4088 eut
466 4020 620 4088 relativae
641 4038 779 4106 cognata
802 4027 1027 4090 enunciatione
1047 4026 1240 4091 collocatum
1262 4027 1314 4086 sit.
1362 4024 1483 4090 Verum

392 4137 430 4202 nt
449 4125 559 4188 statim
578 4118 750 4206 profitear,
780 4125 904 4191 nullum
925 4148 970 4191 ex
991 4128 1078 4190 omni
1100 4145 1234 4187 numero
1255 4128 1401 4209 reperio,
1428 4123 1484 4190 ubi

389 4231 465 4314 jure
479 4225 632 4292 affirmari
643 4225 756 4307 possit,
775 4246 903 4306 cumque
916 4239 1028 4290 contra
1039 4222 1204 4307 vulgarem
1218 4222 1348 4290 dicendi
1362 4246 1483 4290 morem

390 4315 435 4396 ¹ad
461 4323 549 4395 aliud
570 4323 663 4412 quid,
700 4345 794 4411 quam
822 4326 864 4390 ad
892 4329 999 4408 ipsum
1019 4345 1197 4409 pronomen
1219 4325 1271 4392 vel
1291 4325 1483 4412 particulam
1591 4332 1599 4363 '¹

393 4425 484 4502 relat
505 4428 673 4512 pertinere.
717 4426 800 4492 Sunt
832 4439 939 4491 autem
961 4424 995 4514 hi
1013 4424 1079 4492 loci
1100 4424 1134 4507 2,
1162 4432 1235 4495 113.
1265 4435 1485 4506 Contemplator
