3567 5550
279 868 310 947 1,
335 870 429 937 1170.
452 867 506 932 nbi
529 886 612 929 nunc
633 864 760 952 quidem
783 870 815 933 in
836 868 1033 935 editionibus
1053 870 1188 957 legitur:

349 1004 351 1007 ·
445 977 531 1033 Hnec
551 974 580 1027 si
597 987 761 1045 pernosces
777 990 880 1047 paroc
898 980 1068 1049 perductos
1088 980 1199 1052 opella,

447 1078 586 1149 Namque
607 1073 671 1129 olid
689 1089 733 1129 err
751 1079 812 1133 olto
828 1081 995 1152 clarescet,
1018 1094 1074 1137 nec
1092 1079 1145 1136 tior·
1164 1094 1259 1137 caece

445 1179 517 1233 Nos
535 1180 594 1231 tter
612 1175 720 1246 eripiet
732 1178 805 1249 quin
826 1180 934 1234 ultima
954 1183 1083 1236 nascens·

445 1278 635 1332 Perculsos:
654 1278 698 1333 r'tn
720 1289 772 1331 res
793 1281 957 1337 accendent
977 1281 1094 1336 tumtnc
1116 1279 1220 1335 rebus.

275 1386 349 1429 curn
373 1370 519 1436 omnibus
540 1390 618 1434 saue
641 1384 676 1434 ut
698 1369 825 1435 videtur
846 1371 949 1449 libris,
968 1394 1033 1438 uno
1046 1385 1184 1457 excepto
1206 1370 1316 1458 Lugd.
1331 1380 1362 1438 2.

274 1470 330 1549 qni
352 1472 437 1533 Haec
469 1480 516 1535 εἰσ
541 1493 709 1549 pernosces
739 1476 888 1539 servavit.
934 1473 1029 1549 Quod
1059 1477 1163 1559 ipsum
1188 1475 1362 1538 restituen-

273 1566 350 1631 dum
380 1570 506 1635 videtur
540 1592 604 1635 nou
634 1569 739 1635 solum
771 1576 999 1659 propterejus
1028 1572 1104 1637 libri
1126 1576 1362 1655 auctoritatem,

272 1667 333 1730 sed
362 1669 446 1753 quod
467 1671 569 1736 altera
588 1672 646 1739 illa
668 1674 751 1737 ratio
774 1694 837 1736 non
860 1672 1002 1738 futurum
1024 1673 1167 1758 simplex
1185 1696 1360 1756 pernosces,

272 1767 331 1829 sed
359 1768 590 1838 intemetum
618 1772 778 1859 postulat3
821 1772 919 1837 verba
948 1778 1054 1837 autem
1083 1795 1216 1853 nomque
1235 1783 1301 1838 atu
1318 1794 1362 1837 ea

273 1876 336 1930 also
355 1878 504 1936 clarescet
521 1876 640 1937 rectius
658 1895 695 1938 se
714 1872 835 1937 habent
848 1885 924 1958 post
937 1871 1155 1939 affirmativam
1180 1896 1273 1958 quam
1286 1887 1362 1961 post
1397 1870 1401 1874 ’

272 1966 511 2071 hypothetiqarn
533 1975 736 2038 seutentiam.
779 1972 849 2041 Nec
871 1988 957 2038 recto
980 1982 1011 2051 2,
1035 1977 1088 2039 23.
1114 1980 1242 2037 Grotius
1262 1986 1362 2038 inter-

272 2078 346 2132 dum
365 2089 595 2151 sequanorum
614 2086 683 2154 ipsc
705 2087 835 2157 requirit
865 2074 906 2138 ab
927 2074 1155 2161 interpretibus
1177 2074 1277 2160 vulgo
1300 2098 1361 2140 ex·

273 2168 428 2253 plicatur:
451 2195 491 2238 ne
511 2188 625 2239 natura
644 2178 715 2260 ipsa
736 2176 864 2263 quidem
883 2177 1007 2261 gratius
1026 2176 1187 2240 interdurn
1210 2178 1360 2262 requirit3

273 2269 314 2334 de
338 2272 495 2367 quelloco
513 2274 610 2359 paulo
633 2276 716 2339 inira
738 2275 830 2359 plura
852 2274 988 2339 dicenda
1001 2289 1084 2339 sunt.
1115 2275 1241 2340 Sufficit
1254 2290 1360 2340 terneu

267 2374 338 2454 jam
361 2392 444 2435 unus
465 2372 520 2437 ille
534 2374 676 2438 Lucretii
699 2373 788 2437 locus
808 2373 850 2435 ad
883 2373 1104 2438 infirmandam
1120 2374 1358 2461 quodammodo

271 2468 430 2557 Madvigii
447 2475 657 2550 senteutiam,
679 2496 772 2559 quarn
795 2472 851 2538 ille
871 2476 905 2537 iu
925 2472 1010 2539 Exc.
1031 2475 1063 2538 3.
1087 2473 1129 2537 ad
1150 2475 1217 2540 Cic.
1233 2475 1274 2539 de
1288 2475 1358 2540 Fiu.

271 2596 304 2659 p.
323 2568 387 2635 816
408 2594 494 2659 seqq.
518 2577 702 2661 proposuit:
738 2596 794 2635 nec
814 2573 1050 2658 significatione
1070 2585 1251 2655 nequidem
1272 2575 1359 2661 apud
1435 2612 1451 2657 ρ

273 2672 439 2738 Ciceronis
459 2675 610 2760 aequales
630 2672 771 2737 nondum
793 2675 943 2753 inveniri,
966 2697 1120 2758 apparere
1134 2674 1260 2739 demum
1273 2675 1393 2776 apud!

271 2776 437 2841 inferioris
463 2778 578 2840 aetatis
605 2779 797 2860 scriptores,
840 2777 895 2858 qui
922 2788 997 2858 post
1018 2775 1198 2856 Angustum
1219 2777 1358 2841 fuerunt.

272 2872 377 2947 Quam
398 2898 465 2939 rem
486 2878 515 2939 si
536 2878 715 2940 accuratius
735 2876 1001 2959 spectaverimus,
1023 2873 1201 2939 videbimus
1223 2876 1360 2941 nisifal-

269 2975 340 3054 lor,
382 2974 551 3040 dicendum
581 2977 686 3059 potius
716 2975 838 3054 fuisse,
880 2975 1143 3064 istiusmodinec
1162 2974 1203 3040 ab
1226 2978 1356 3062 optimis

271 3076 478 3163 scriptoribus
497 3097 572 3140 raro
591 3075 718 3161 quidem
736 3083 883 3162 usurpari
904 3075 962 3140 sed
983 3055 1270 3173 usurpari‘tamen.
1304 3077 1387 3142 ΒΥ

271 3177 408 3241 Horatio
423 3179 491 3259 jam
518 3177 587 3262 ipse
600 3177 710 3245 Madv·
732 3177 766 3241 id
787 3179 958 3256 concessit,
980 3175 1066 3260 apud
1087 3181 1181 3261 querit
1192 3175 1308 3255 Sem,
1319 3182 1353 3255 3,

272 3280 344 3342 262.
387 3286 450 3341 Nec
470 3299 567 3356 nnnc,
607 3300 701 3357 quem
719 3300 767 3340 me
786 3291 873 3341 nocue
895 3286 993 3356 elno,
1027 3276 1203 3341 Anednml
1243 3274 1354 3360 legere

271 3377 407 3456 mavult,
443 3400 536 3463 quam
558 3379 642 3462 quod
669 3379 701 3440 in
727 3379 853 3464 optimis
876 3375 969 3440 libris
993 3389 1104 3440 estne
1122 3379 1220 3454 nunc,
1254 3374 1353 3458 vulgo

270 3499 309 3539 ne
328 3500 409 3540 nnnc
426 3487 546 3557 quidem
567 3477 774 3561 explicatum.
803 3474 936 3540 Etenim
955 3475 1096 3559 simplex
1118 3473 1353 3558 nesignificare

269 3595 367 3663 posse
386 3587 581 3656 ree-quidem,
609 3590 645 3640 ut
665 3577 756 3640 multi
775 3576 921 3640 homines
942 3574 1028 3638 docti
1049 3585 1240 3650 statuerunt,
1263 3593 1353 3657 pror·

268 3697 322 3740 sus
344 3676 476 3759 negarit
495 3673 535 3738 ad
556 3672 608 3737 l.l.
626 3675 656 3754 1,
680 3673 731 3753 11,
754 3673 804 3740 39.
831 3661 869 3737 l'n
890 3672 1031 3758 Vergilii
1050 3672 1123 3738 loco
1143 3670 1214 3738 Ecl.
1235 3673 1351 3748 3102.

269 3776 498 3860 ineptissimam
521 3776 685 3841 contendit
704 3776 895 3841 senteutiam
910 3795 991 3852 esse,
1013 3777 1041 3839 si
1055 3773 1182 3856 legatur
1201 3778 1260 3833 His
1271 3783 1352 3834 certe

269 3897 366 3954 neque
382 3897 468 3938 umor
488 3899 584 3940 causo
606 3892 668 3956 est,
692 3891 727 3942 ut
748 3877 809 3943 sits
832 3898 872 3940 ue
893 3896 983 3940 amor
997 3875 1145 3960 quidem
1168 3874 1371 3955 quareSte·„

268 3975 364 4060 phuni
393 3987 426 4039 et
447 3974 574 4039 Heiusii
595 3983 810 4062 conjecturam
832 3974 1050 4060 arnplecritur:
1078 3979 1120 4033 Hi
1140 3985 1236 4052 certe,
1252 3991 1351 4049 neque

269 4093 355 4136 antor
375 4097 471 4138 conco
491 4089 558 4157 est,
598 4087 655 4138 oie
686 4085 806 4139 ossibus
826 4085 962 4140 licerent.
1005 4077 1049 4136 At
1067 4073 1095 4136 si
1118 4084 1219 4137 totum
1242 4069 1348 4134 locum

269 4172 494 4260 perpenderis,
522 4176 630 4261 quiin
655 4175 801 4240 omuibus
823 4173 915 4238 libris
936 4174 984 4237 sic
1005 4171 1140 4257 legitur:

352 4281 413 4337 His
431 4287 512 4339 certe
533 4299 631 4359 neque
650 4298 854 4341 concreasse
874 4287 934 4339 est:
953 4284 1010 4336 ete
1029 4278 1152 4337 ossibus
1171 4277 1305 4332 meost.

354 4382 464 4438 Nescio
482 4386 552 4455 quis
576 4392 697 4476 teneqos
719 4385 825 4442 oculus
849 4383 923 4440 milet
939 4376 1078 4450 fasdnnc
1097 4389 1213 4449 apum

271 4473 472 4548 manifestum
493 4475 744 4541 eritMeualcanr
765 4478 827 4544 boc
848 4477 977 4543 dicere:
999 4471 1083 4538 Meis
1106 4484 1192 4536 certe
1212 4473 1350 4535 deamor
