3567 5550
849 671 1000 745 -rc
1047 620 1117 726 -’

433 857 496 923 boc
517 854 612 922 lacile
640 873 698 938 per
719 852 891 920 verborum
913 854 1158 920 collocationem
1186 853 1278 932 licet,
1318 877 1422 943 neque
1443 858 1525 925 illud

434 956 520 1045 quod
544 957 695 1042 rejiciunt
715 952 830 1019 falsum
852 969 913 1023 est.
955 955 1004 1020 lta
1026 958 1112 1021 enim
1136 953 1244 1019 locum
1265 956 1449 1043 intelligas:
1482 963 1523 1038 si,

432 1080 529 1143 saepe
545 1055 640 1121 obvia
660 1056 741 1133 cita,
763 1054 958 1138 conflixere,
981 1055 1013 1123 h.
1026 1080 1054 1121 e.
1072 1049 1124 1137 si,
1140 1055 1227 1142 quod
1247 1059 1376 1143 saepius
1394 1061 1524 1137 accidit,

431 1160 528 1225 obvia
547 1159 610 1221 cita
631 1154 831 1231 conflixere,
868 1155 976 1221 nobis:
1011 1178 1106 1221 wcnn
1129 1159 1196 1231 sie,
1222 1157 1350 1222 oitmals
1369 1158 1525 1224 einander

430 1258 639 1345 begeguend,
670 1270 1026 1339 zusammengertosscn
1048 1257 1132 1322 siud.
1174 1254 1227 1320 De
1248 1256 1335 1321 mala
1355 1258 1524 1344 Forbigeri

430 1362 633 1443 conjectura:
665 1376 756 1437 quom
777 1364 837 1419 cicc
856 1379 978 1435 semper
997 1360 1097 1422 satius
1115 1368 1165 1421 est
1187 1358 1337 1424 tacuisse.
1378 1358 1523 1424 Alteram

431 1458 667 1543 corruptionem
691 1457 840 1521 omnibus
861 1456 1028 1522 codicibus
1060 1478 1276 1522 communem:
1310 1480 1408 1538 neque
1428 1469 1521 1538 puid-

429 1580 523 1641 puom
543 1581 564 1621 a
584 1565 718 1636 carpitus
737 1564 848 1637 contet,
884 1580 980 1643 quum
1002 1557 1116 1623 Lamb.
1137 1558 1341 1638 conjectura:
1383 1582 1403 1621 a
1425 1569 1522 1636 ternis

429 1666 527 1723 obstet
546 1678 662 1722 sanare
685 1658 800 1734 vellet,
832 1661 975 1724 omnium
1003 1658 1098 1723 laesit
1128 1655 1361 1743 eleganticrnm
1375 1658 1523 1743 judicum

431 1781 537 1826 aures·
556 1756 669 1845 Neque
682 1782 760 1824 vero
781 1762 884 1844 magis
906 1782 969 1845 ego
990 1758 1127 1845 probare
1146 1778 1277 1842 possum
1296 1756 1399 1822 lsaaci
1410 1756 1524 1823 Vossii

432 1872 660 1926 commentum:
681 1884 701 1923 a
719 1874 803 1938 torpe
822 1868 892 1923 ibus
912 1867 1016 1924 obstet.
1042 1856 1202 1922 Offendor
1223 1861 1308 1922 enim
1329 1880 1394 1922 nou
1413 1858 1521 1923 solum

432 1961 535 2024 lorma
555 1968 641 2038 ibus,
667 1982 748 2045 quae
767 1960 913 2023 Lucretii
936 1973 1023 2024 certe
1044 1972 1151 2023 aetate
1170 1959 1268 2044 plane
1291 1957 1440 2024 obsoleta
1452 1960 1523 2034 init,

430 2059 487 2125 sed
507 2059 678 2145 praecipue
698 2058 817 2143 longae
837 2059 958 2124 vocalis
978 2074 1133 2145 sequente
1154 2059 1244 2124 brevi
1254 2058 1403 2138 elisione,
1426 2079 1522 2144 quam

337 2198 346 2219 .
428 2172 560 2248 praeter
581 2160 736 2237 Ennium,
757 2157 963 2245 ,Vergilium
990 2158 1177 2238 Tibullum,
1195 2159 1417 2244 Propertium,
1439 2157 1522 2221 ovi-

431 2260 539 2339 dium,
560 2258 731 2323 Horatium
749 2262 781 2323 in
804 2259 951 2345 epistolis
972 2257 1159 2325 Lucretium
1182 2283 1309 2346 quoque
1329 2263 1435 2323 rarius
1455 2257 1520 2323 sibi

428 2348 631 2448 permississe
652 2356 814 2443 Hauptins
832 2362 867 2423 in
890 2357 1025 2426 Observ.
1046 2363 1108 2426 crit
1134 2387 1165 2449 p.
1179 2361 1226 2426 15.
1249 2383 1308 2446 sqq
1338 2356 1520 2422 luculenter
1560 2430 1565 2438 ¹

431 2460 581 2525 ostendit.
624 2458 697 2533 Qua
719 2462 751 2522 in
775 2483 810 2523 re
837 2460 900 2526 hoc
927 2464 1069 2525 maxime
1101 2474 1280 2525 memoratu
1307 2457 1439 2542 dignum
1461 2470 1521 2533 est,

429 2560 514 2647 qtrod
537 2581 582 2623 ex
603 2557 851 2642 diligentissima
871 2561 930 2625 illa
950 2558 1174 2645 exeruplorum
1201 2557 1393 2622 collectione
1426 2556 1519 2622 facile

429 2662 654 2745 cognoscitur,
683 2680 845 2745 perpauca
872 2683 917 2726 ex
947 2662 1034 2724 omni
1064 2679 1196 2723 numero
1223 2680 1315 2735 esse,
1348 2658 1520 2743 inquibus

429 2759 701 2827 substantivorum
732 2764 974 2860 terminationes
1002 2764 1048 2825 ita
1077 2759 1248 2826 elidantur.
1296 2759 1402 2844 Atque
1433 2758 1519 2844 apud

427 2860 616 2926 Lucretium
629 2861 755 2945 quidem
770 2863 892 2928 nullum
904 2861 1064 2946 ejusmodi
1076 2859 1260 2946 exemplum
1274 2860 1436 2923 invenitur
1457 2880 1517 2922 nec

429 2962 534 3045 inagis
554 2961 639 3044 apud
662 2958 847 3040 Tibullum
871 2965 936 3028 duc
958 2965 1041 3048 apud
1064 2963 1262 3045 Propertium
1282 2961 1315 3022 iu
1334 2957 1518 3023 norrrinibus

427 3061 569 3145 propriis
590 3065 621 3140 3,
645 3065 697 3142 28,
720 3062 771 3128 19.
794 3071 849 3129 Ino
870 3076 961 3128 etium
969 3111 981 3144 ,
1012 3067 1046 3142 4,
1064 3073 1095 3138 2,
1116 3063 1145 3125 7.
1170 3068 1287 3122 Boccito
1309 3073 1340 3122 et
1362 3065 1516 3138 Apellen&

429 3159 491 3224 duo
514 3161 611 3225 etiam
634 3165 721 3250 apud
747 3165 927 3253 Vergilium
946 3163 985 3227 A.
1006 3165 1055 3239 10,
1078 3162 1153 3224 704.
1181 3167 1309 3236 pentem
1331 3165 1443 3239 Amyco
1467 3162 1518 3234 11,

421 3258 504 3330 ¹680.
537 3268 707 3341 Pupnutort
722 3275 826 3346 operit.
869 3263 979 3330 Semel
998 3264 1095 3328 talem
1114 3259 1283 3324 elisionem
1304 3259 1441 3325 Ovidius
1461 3261 1519 3324 ad-

427 3363 517 3426 misit
537 3360 618 3428 Met.
639 3373 670 3444 4,
691 3371 764 3430 ¹228.
786 3372 1038 3443 mendicentur,
1062 3360 1163 3426 semel
1183 3360 1340 3425 Horatius
1358 3361 1392 3424 in
1413 3357 1475 3445 Ep.
1489 3367 1518 3423 2.

427 3463 457 3542 6,
480 3467 530 3527 71.
553 3471 659 3528 Sermo
681 3475 788 3532 oritur.
833 3465 932 3530 Paulo
951 3466 1076 3527 minore
1097 3483 1173 3527 cina
1193 3483 1232 3525 ea
1256 3463 1291 3525 in
1312 3483 1348 3525 re
1368 3458 1518 3525 Lucilius

427 3578 461 3626 et
481 3562 627 3630 Catullus
650 3571 772 3633 versati
792 3581 877 3634 runt.
921 3563 997 3631 Nou
1026 3576 1133 3630 autem
1156 3564 1244 3625 casui
1266 3568 1344 3643 boc,
1375 3560 1434 3627 sed
1455 3563 1518 3626 arti

427 3663 555 3728 cuidam
576 3679 744 3750 poetarum
765 3666 971 3732 tribuendum
990 3687 1082 3742 erse,
1102 3665 1207 3746 magis
1226 3665 1323 3726 etiam
1339 3659 1518 3748 apparebit,

427 3764 456 3826 si
476 3764 573 3850 paulo
595 3767 681 3835 inira
703 3770 737 3831 iu
765 3766 830 3830 alio
856 3766 999 3830 alitionis
1028 3784 1149 3848 genere
1178 3759 1316 3825 similem
1337 3761 1517 3827 videbimus

426 3885 446 3926 a
469 3863 915 3944 Lucretiusubstantivorum
931 3867 1090 3928 rationem
1102 3859 1243 3926 habitam
1258 3862 1368 3928 luisse.
1392 3858 1518 3935 Quodsi

426 3964 503 4028 inde
531 3969 700 4050 sequitur,
724 3967 814 4034 illam
835 3965 948 4031 Vossii
978 3967 1193 4048 conjecturam
1218 3984 1327 4027 veram
1354 3981 1426 4023 esse
1451 3981 1517 4024 non

426 4085 541 4150 posse,
561 4077 678 4145 restat,
696 4085 732 4133 ut
751 4069 911 4156 proferam
934 4065 1020 4154 quod
1040 4068 1109 4153 ipse
1128 4063 1304 4128 invenerim
1336 4053 1517 4125 Nisifallor

428 4166 601 4230 Lucretius
626 4168 769 4252 scripsit:
790 4194 889 4253 nepae
898 4177 1065 4250 madescam
1084 4174 1174 4228 aliter
1186 4166 1296 4240 quitus
1306 4167 1410 4240 ctetet,
1434 4181 1516 4245 quac

427 4265 657 4333 vocabulorum
670 4273 803 4336 mutatio
813 4273 918 4337 minus
927 4266 1069 4334 violenta
1079 4262 1215 4341 videtur,
1232 4262 1262 4324 si
1275 4263 1396 4326 omissa
1405 4259 1517 4324 littera

426 4389 457 4448 a,
484 4367 571 4455 quod
591 4370 805 4457 praecedente
816 4368 920 4452 qfieri
942 4363 1078 4445 solebat,
1097 4367 1274 4440 umerum
1283 4383 1358 4426 casu
1370 4362 1405 4424 iu
1418 4379 1517 4424 unam

427 4485 537 4538 vocem
552 4473 697 4556 junctum
717 4474 817 4538 imese
844 4467 1008 4554 tingimus.
1050 4463 1218 4530 Sententia
1243 4462 1324 4529 hacc
1342 4472 1408 4528 cst:
1453 4479 1515 4523 nec
