3567 5550
447 854 575 945 quidem
603 852 939 927 causamarccsoendi
960 864 1010 917 est
1030 864 1067 915 ut
1087 853 1174 931 tuis,
1207 848 1386 918 sedmulto
1407 854 1538 936 turpior
1603 851 1604 870 ¹

446 976 544 1021 causa
564 952 690 1033 subest,
708 952 831 1017 scilicet
850 954 1039 1027 fascinati03
1062 954 1119 1017 vix
1141 951 1227 1016 enim
1241 950 1371 1016 ossibus
1390 952 1539 1022 haerent.

446 1056 546 1121 Recte
577 1058 587 1121 i
613 1057 676 1121 itur
701 1051 793 1118 Vors.
826 1062 940 1117 Dicaea
969 1055 1116 1129 firmum·
1146 1061 1189 1115 ist
1221 1060 1302 1116 auci
1330 1060 1422 1115 [debe
1450 1062 1540 1118 niclrc

444 1148 568 1205 Sclruld.
624 1135 682 1204 lud
693 1150 798 1201 autem
819 1138 853 1201 in
874 1139 1058 1201 universum
1072 1156 1200 1213 moneo,
1224 1138 1253 1199 si
1266 1136 1413 1200 omnibus
1426 1159 1537 1223 paene

444 1240 526 1305 locis
546 1238 627 1303 illud
650 1260 706 1301 uec
726 1239 954 1323 interpretatus
974 1258 1045 1301 sum
1065 1244 1261 1317 ne-qotrtem,
1282 1236 1345 1301 hoc
1367 1260 1431 1301 nou
1451 1240 1498 1303 ita
1515 1263 1538 1303 a

444 1363 496 1407 me
526 1342 645 1407 factum
674 1358 765 1417 erse,
798 1351 833 1401 ut
852 1352 996 1423 putarem
1019 1359 1076 1401 aec
1097 1336 1193 1423 plane
1215 1336 1302 1401 idem
1322 1359 1396 1402 oste
1418 1360 1456 1403 ac
1475 1362 1537 1409 rce-

443 1451 579 1523 quidem,
619 1460 715 1525 quum
738 1438 778 1501 ad
805 1438 893 1503 illam
921 1441 1086 1503 notionem
1115 1459 1217 1525 propo
1235 1448 1359 1501 tantum
1379 1441 1535 1517 accedat3

443 1544 576 1627 propius
605 1554 712 1607 tamen
743 1552 886 1603 nostrum
913 1548 994 1603 uuclr
1021 1546 1119 1619 nicht,
1156 1560 1219 1625 quo
1243 1536 1343 1608 Voss.
1362 1561 1442 1603 usus
1472 1556 1536 1610 ost.

444 1640 540 1705 Alius
559 1638 699 1726 Vergilii
720 1640 811 1705 locus
836 1639 904 1706 Ecl.
927 1637 960 1720 9,
982 1639 1012 1704 6.
1039 1646 1106 1702 Hor
1126 1648 1172 1703 illi
1193 1676 1235 1688 -
1254 1649 1337 1721 quod
1356 1662 1413 1704 nec
1433 1656 1539 1707 vertat

444 1748 518 1805 bene
539 1778 578 1791 -
598 1751 743 1806 mittimus
763 1750 877 1805 hoedos
904 1742 988 1827 fugit
1005 1737 1224 1825 Madvigium,
1263 1743 1292 1803 is
1311 1760 1439 1825 quoquo
1468 1764 1533 1806 non

442 1838 538 1906 aliter
559 1840 769 1926 explicandus
791 1863 902 1925 qnam:
923 1841 1009 1927 quod
1030 1862 1071 1905 ne
1090 1838 1174 1904 bene
1193 1851 1297 1904 vertat
1309 1841 1449 1926 quidem.
1471 1842 1535 1907 His

442 1942 640 2027 subjungere
661 1942 758 2007 licoat
779 1940 859 2006 duos
877 1940 926 2007 ex
937 1939 1006 2005 Ciri
1025 1940 1117 2006 locos
1132 1943 1277 2027 quamvis
1296 1942 1412 2006 incerti
1422 1956 1534 2007 aucto·

443 2042 491 2105 ris
514 2062 632 2127 opere,
654 2042 728 2107 238.
777 2049 819 2107 Ut
838 2051 956 2106 scelere
978 2044 1125 2122 infando,
1157 2052 1239 2122 quod
1257 2063 1313 2105 nec
1333 2050 1409 2105 sinit
1428 2050 1534 2106 Adro-

443 2154 519 2222 steu,
542 2148 682 2205 Laudem
698 2156 863 2224 utrumque
877 2164 939 2206 uuo
950 2152 1078 2207 studeas
1090 2164 1195 2208 errore
1203 2156 1363 2223 parentem
1374 2144 1395 2209 i.
1404 2166 1433 2207 e.
1446 2145 1533 2229 quod

444 2263 485 2306 ne
506 2240 666 2307 Adrastea
696 2243 826 2327 quidem
856 2243 952 2318 sinit3
985 2245 1059 2311 269.
1091 2250 1150 2307 Cui
1173 2250 1293 2328 Parcae
1320 2250 1455 2306 tribuere
1476 2268 1534 2308 nec

442 2350 505 2406 ullo
526 2351 744 2407 ouluerelacdt
761 2362 838 2430 pro:
861 2366 902 2409 ne
921 2344 990 2409 ullo
1012 2344 1141 2430 quidem
1155 2344 1297 2408 vulnere.
1325 2343 1401 2409 Scio
1423 2358 1456 2409 et
1473 2345 1531 2409 hos

444 2441 528 2507 Ciris
561 2455 594 2507 et
627 2443 763 2508 altorum
792 2443 986 2528 Eclogarum
1021 2445 1127 2510 locum
1155 2468 1175 2508 a
1200 2443 1368 2529 Wagnoro
1398 2441 1531 2519 Quaest.

444 2538 699 2625 Vergilxxll.
707 2565 737 2628 p.
753 2542 823 2608 532.
837 2557 870 2607 et
886 2550 957 2610 536.
971 2547 1018 2609 ita
1029 2540 1179 2629 intelligi,
1201 2557 1370 2629 utoecpro
1393 2546 1530 2632 simplici

443 2661 525 2721 non,
561 2664 617 2705 nec
643 2653 727 2707 ullus
755 2666 814 2729 pro
832 2654 939 2708 nullos
959 2644 1079 2711 dictum
1101 2645 1154 2708 sit.
1199 2642 1265 2706 Sed
1288 2644 1329 2707 do
1353 2645 1411 2709 tali
1429 2650 1530 2729 parti·

444 2738 536 2807 culae
570 2766 626 2808 uec
658 2766 719 2810 usu
752 2767 941 2833 quamquam
974 2767 993 2808 a
1024 2744 1134 2810 multis
1153 2746 1371 2828 grammaticis
1394 2746 1531 2812 traditur

444 2841 651 2925 (Ramshorn.
681 2869 713 2930 p.
738 2849 830 2930 525.)
860 2867 1058 2932 magnopere
1086 2860 1193 2910 tamen
1223 2843 1433 2912 dubitandum
1460 2863 1529 2924 est3

443 2941 602 3010 dubitavit
622 2949 719 3011 etiam
740 2946 845 3018 Kritz.
867 2945 910 3011 ad
928 2945 1006 3011 Sall.
1021 2945 1095 3032 Jug.
1119 2953 1151 3022 1,
1170 2949 1229 3026 44,
1249 2950 1278 3013 5.
1308 2949 1412 3032 Ipsam
1433 2971 1529 3034 quao-

442 3045 580 3108 ationem
591 3048 742 3131 quoniam
760 3047 890 3135 longior
901 3060 951 3112 cst
968 3048 1003 3110 in
1024 3044 1113 3110 aliud
1125 3059 1250 3133 tempus
1265 3047 1390 3115 differo.
1416 3049 1529 3128 Porro,

442 3153 479 3204 ut
500 3157 613 3228 poetas
632 3149 805 3228 mittamus,
828 3150 862 3212 in
883 3161 951 3213 toto
963 3149 1050 3212 Livii
1071 3167 1170 3232 opero
1183 3145 1404 3218 Madv.ununr
1424 3148 1528 3214 locum

444 3242 581 3307 inveniri
601 3258 702 3330 putat,
725 3247 780 3313 ubi
799 3271 855 3314 nec
876 3250 1126 3328 ritae-quidem:
1143 3254 1195 3326 31,
1209 3250 1260 3312 22.
1280 3270 1342 3312 aco
1362 3258 1450 3313 modo
1462 3258 1527 3312 Su-

443 3351 528 3406 m'rcm
545 3367 705 3428 superare,
727 3360 783 3415 scd
798 3373 855 3414 nec
868 3362 962 3414 cumo
974 3352 1093 3424 fretum
1103 3354 1216 3427 Euripi
1229 3359 1413 3414 commitere
1423 3363 1528 3429 operto

445 3453 744 3529 mansuariorum,
762 3448 871 3536 ibique
887 3470 983 3534 quum
999 3447 1123 3534 aliquot
1134 3448 1225 3512 codd.
1238 3471 1278 3513 nc
1297 3471 1356 3535 pro
1368 3472 1425 3515 neo
1436 3472 1527 3536 prae·

446 3541 544 3608 beant
564 3544 735 3630 legendum
754 3571 825 3615 esso
847 3562 956 3615 conset
974 3571 1014 3612 oe
1031 3562 1124 3613 entra
1135 3550 1253 3622 fretum
1270 3557 1382 3629 Euripi
1400 3559 1527 3630 quidem

446 3638 542 3716 Quod
571 3647 701 3710 minime
730 3652 946 3714 necessarium
968 3660 1038 3729 ost,
1078 3651 1107 3713 si
1136 3650 1263 3735 quidem
1283 3674 1327 3717 ex
1347 3650 1426 3720 aliis,
1439 3653 1527 3716 Livii

444 3741 524 3806 locis
536 3743 746 3812 demonstrari
762 3762 877 3832 potest,
891 3749 1076 3833 hujusmodi
1088 3751 1204 3814 necilli
1224 3774 1290 3821 non
1301 3771 1429 3834 prorsus
1445 3747 1528 3814 alie·

445 3861 522 3905 num
542 3843 653 3911 fuisso.
684 3845 712 3926 1,
732 3852 783 3914 25.
807 3855 903 3912 Prius
923 3859 1138 3930 nequequam
1158 3861 1251 3932 ulter,
1272 3862 1325 3934 qui
1344 3873 1401 3915 nec
1420 3859 1530 3930 procul

445 3947 567 4021 cierat,
598 3958 740 4030 consepta·
757 3963 881 4029 posset,
917 3962 948 4013 et
966 3958 1098 4014 auctum
1120 3955 1293 4016 Curiatium
1315 3957 1452 4027 conficit,
1472 3949 1526 4029 ubi

444 4061 488 4106 ex
511 4038 705 4113 Ramshorni
725 4062 758 4113 et
776 4047 936 4114 Schellori
955 4053 1116 4135 sententia
1131 4074 1188 4116 trec
1217 4051 1304 4116 idom
1322 4062 1373 4114 est
1395 4074 1433 4116 ac
1458 4073 1527 4119 uon.

443 4139 510 4206 Sed
532 4143 646 4209 Livius
664 4145 726 4213 hoc
747 4151 838 4218 dicit:
860 4152 916 4239 qui
935 4173 977 4216 ne
995 4149 1109 4236 procul
1131 4150 1258 4235 quidem
1279 4149 1410 4232 aberat,
1430 4164 1464 4216 et
1483 4153 1527 4215 sic

444 4260 484 4304 eo
506 4243 633 4310 lucilius
653 4245 789 4315 altorum
811 4251 965 4336 adjuvare
984 4252 1151 4333 potuisset.
1189 4250 1222 4330 3,
1246 4250 1300 4318 52.
1320 4275 1415 4334 quum
1431 4274 1526 4334 proe-

442 4350 548 4406 eertim
575 4367 632 4412 occ
653 4369 709 4412 noe
739 4362 941 4429 temperemur
971 4355 1107 4426 matie
1133 4346 1166 4412 h.
1188 4371 1215 4413 c.
1235 4374 1333 4437 quum
1352 4354 1448 4418 etiam
1470 4372 1528 4416 nos

441 4461 506 4506 non
525 4452 736 4534 temperemur
758 4449 909 4534 imperiis.
928 4446 983 4525 40,
995 4445 1045 4515 20.
1069 4455 1210 4516 Modone
1229 4461 1269 4519 ab
1293 4461 1528 4520 mmlmortionc
