3567 5550
397 1073 447 1140 De
467 1089 555 1141 motu
578 1074 809 1163 principiorum
830 1070 1177 1156 postquam'vidimus,
1211 1081 1296 1141 unat
1319 1073 1403 1144 aiios

314 1172 469 1263 quosdam
488 1177 620 1242 seouodi
642 1175 716 1241 libri
729 1174 819 1238 loona
835 1171 990 1257 adjungo,
1012 1174 1066 1257 qni
1086 1173 1234 1239 similiter
1249 1177 1291 1240 ad
1311 1192 1404 1241 natu-

312 1298 383 1341 ram
401 1274 532 1341 illorum
544 1273 961 1358 definiendempertineaut.
976 1271 1079 1349 Quod
1090 1275 1121 1352 1,
1136 1276 1229 1342 1034.
1241 1288 1275 1340 et
1281 1277 1314 1355 2,
1328 1278 1403 1345 339.

314 1375 565 1441 demonstratum
587 1387 655 1456 est,
687 1371 940 1461 primordiorum
960 1389 1115 1438 maumam
1135 1373 1295 1441 infinitam
1317 1398 1403 1455 ease,

312 1475 354 1539 nd
374 1475 409 1539 id
430 1496 550 1540 novum
569 1476 631 1541 hon
650 1470 795 1553 additur,
816 1470 946 1556 singula
966 1492 1076 1536 eoram
1096 1493 1218 1559 genera
1231 1476 1325 1543 finito
1345 1497 1405 1543 nu·

313 1594 403 1641 mero
425 1587 581 1641 onustare.
623 1572 706 1640 Nam
729 1576 758 1639 si
779 1574 882 1657 prima
904 1590 1041 1656 corpora
1060 1574 1096 1637 in
1112 1572 1276 1641 infinitum
1296 1580 1405 1643 varin·

312 1685 404 1752 rent,
436 1672 565 1740 infinite
586 1678 685 1741 etiam
706 1670 934 1741 nonnullorum
954 1671 1087 1738 deberet
1110 1694 1183 1739 esee
1203 1678 1406 1762 magnitudo,

313 1774 464 1858 quoniam
484 1777 589 1841 omnir
609 1778 643 1840 in
662 1772 851 1861 torporibus
872 1771 996 1836 formae
1016 1774 1154 1837 variatio
1176 1795 1217 1840 eo
1235 1774 1295 1857 tit,
1316 1774 1404 1861 qood

313 1873 461 1957 singulae
475 1875 643 1961 exquibus
658 1877 857 1962 compositae
876 1884 952 1938 sunt
968 1884 1077 1957 partes
1097 1874 1183 1939 inter
1202 1892 1240 1939 se
1257 1888 1406 1961 transpo-

314 1984 445 2038 nuntur.
465 1974 564 2061 Atqui
573 1992 731 2061 perparva
742 1989 817 2040 snut
827 1970 885 2039 illu
898 1971 1076 2057 primordia
1086 1984 1120 2037 et
1139 1995 1186 2038 ex
1206 1978 1316 2060 pauoia
1335 1988 1408 2041 tnn-

314 2071 477 2137 tummodo
500 2078 677 2161 composita
697 2074 855 2162 partibus;
885 2093 966 2157 ergo
984 2093 1117 2158 parrum
1138 2076 1235 2140 ιιίιιιιι
1255 2077 1407 2140 varimio-

314 2170 409 2237 nibus
438 2172 544 2239 ionum
568 2177 733 2260 praebent.
775 2174 868 2251 Quae
897 2184 1059 2257 postrema
1089 2194 1185 2258 quom
1213 2196 1243 2238 r.
1270 2168 1344 2242 483.
1370 2176 1404 2237 in

316 2269 454 2337 eodinus
474 2275 521 2335 ita
539 2272 708 2357 legaotnrt

481 2378 621 2453 Namque
641 2378 681 2437 to'
695 2382 801 2437 endem
818 2392 884 2435 utro
899 2372 1015 2450 qnojrrr
1033 2376 1081 2431 ote
1100 2376 1135 2432 in
1154 2376 1301 2435 dume

484 2476 628 2551 Corporis
648 2482 728 2537 mter
747 2492 784 2537 te
804 2478 934 2536 multum
952 2478 1080 2533 romare
1096 2474 1219 2549 Meroe

481 2578 551 2637 Non
566 2587 712 2655 poemat,

314 2668 411 2735 inoile
430 2670 640 2757 intelligitur,
659 2673 934 2758 praepositionem
954 2676 988 2731 trs
1007 2688 1118 2731 errore
1137 2668 1348 2737 seribendire

315 2772 408 2836 titum
429 2793 510 2837 esse.
557 2770 711 2838 Correxit
738 2775 837 2858 igitur
859 2771 979 2838 Avane.
1016 2776 1097 2830 Nem
1115 2777 1199 2849 quod
1224 2781 1330 2834 eodem
1398 2821 1406 2836 .

316 2870 404 2955 quod
424 2870 544 2955 pleonit
556 2869 797 2952 Wakefieldio,
817 2873 871 2957 qni
891 2867 1039 2935 inaudito
1057 2868 1271 2954 supplementi
1286 2891 1408 2956 genere

315 2971 399 3037 hane
423 2970 593 3036 verborum
623 2975 882 3057 eonjunetionem
911 2971 1068 3050 invenit:⁴
1094 2974 1169 3034 riam
1194 2979 1239 3033 tta
1267 2981 1327 3034 erit
1351 2993 1405 3052 eo,

317 3072 402 3157 quod
424 3085 484 3136 eet
515 3069 637 3137 Eadem
661 3071 971 3149 manummerias,
993 3073 1023 3134 si
1043 3067 1407 3156 onmEiehatadiopost

315 3182 451 3252 eorporis
474 3194 598 3238 comma
619 3175 779 3258 posueris.
820 3173 984 3238 Audarior
1017 3171 1157 3257 denique
1179 3183 1213 3236 et
1235 3175 1406 3238 invenusta

316 3271 464 3337 Lambini
486 3279 672 3359 noujeetnre
695 3287 761 3338 erte
790 3282 930 3354 Nemone
946 3281 980 3335 to
1002 3283 1112 3337 eodem
1131 3294 1195 3335 ooo
1216 3277 1406 3349 enjoroujw

315 3378 475 3453 breuitate,
511 3394 549 3437 ne
571 3395 682 3458 parunt
706 3372 883 3458 probabilis
906 3373 961 3437 vei
981 3386 1171 3459 propterea,
1204 3371 1291 3454 quod
1310 3373 1406 3438 Luer.

316 3477 516 3558 pronominis
543 3482 682 3553 pnteqor’r
705 3472 825 3538 nuliam
846 3476 978 3538 omnino
999 3484 1293 3556 prosternentium
1312 3482 1406 3554 quid-

315 3582 391 3653 an‘d
408 3572 545 3636 formem
566 3575 741 3656 usurpavit.
779 3572 861 3658 *Ego
881 3594 979 3658 quoru
998 3573 1143 3638 oodieum
1159 3571 1256 3636 lectio
1278 3586 1409 3658 praeter

316 3673 487 3758 repetitam
508 3675 778 3758 praepositionem
800 3671 900 3758 plane
918 3677 964 3739 ait
985 3685 1081 3761 etque
1101 3674 1289 3759 perspicua,
1308 3671 1408 3736 ioris·

318 3774 401 3836 tima
421 3774 601 3857 litterarum
621 3775 797 3838 mutatione
817 3773 1022 3839 scribendum
1041 3791 1180 3838 censeo:
1214 3779 1355 3852 Namque
1372 3785 1411 3837 stt

319 3881 428 3936 eodem
447 3894 512 3935 erro
541 3879 706 3954 prrojrraor'r
729 3881 763 3937 in
790 3879 1119 3955 brevitatempore,
1151 3871 1184 3938 h.
1204 3873 1409 3957 montemed-

319 3972 449 4038 modum
468 3975 502 4039 in
514 3969 625 4038 eedem
646 3993 712 4038 une
726 3977 870 4058 cujusvis
880 3977 1025 4062 eorporis
1040 3973 1196 4038 brevitate
1216 3969 1289 4036 fieri
1301 3971 1408 4042 debet.

319 4069 479 4156 Ejusdem
511 4076 654 4139 notionis
680 4086 717 4138 ut
746 4071 844 4137 hebet
874 4073 989 4139 Horat
1014 4074 1083 4139 Sat
1108 4078 1135 4159 1,
1161 4073 1196 4152 6,
1223 4073 1275 4139 73
1293 4086 1409 4137 uestem

318 4191 485 4252 terrorque
509 4189 685 4256 requenter,
721 4180 760 4238 dn
786 4195 898 4253 menno
921 4176 962 4240 ω’
977 4183 1107 4256 mato,
1150 4183 1179 4239 et
1198 4178 1252 4252 ptri
1273 4179 1409 4238 oidtaret·

322 4271 402 4336 Sall.
424 4270 500 4357 Jug.
522 4275 595 4352 107,
616 4278 647 4343 6.
671 4298 710 4340 ea
730 4297 796 4356 rer,
824 4287 861 4340 nrt
879 4283 914 4339 tn
932 4282 989 4339 rau
1013 4284 1151 4353 nepote,
1180 4278 1327 4352 probato,
1363 4270 1406 4338 ad

322 4395 415 4458 quem
434 4372 542 4438 lotum
557 4373 660 4438 Kritz.
675 4381 822 4442 aondrate
845 4375 886 4443 de
908 4399 954 4442 eo·
965 4373 1143 4462 partieuine
1163 4395 1225 4438 uru
1245 4370 1410 4437 disseruit.

323 4470 416 4548 Quae
444 4497 521 4542 vero
551 4474 701 4559 deinceps
724 4490 900 4562 sequnntur
921 4475 1042 4543 verbe:
1074 4479 1147 4556 fore
1167 4485 1248 4540 enirn
1266 4481 1409 4537 merome
