3567 5550
848 694 1102 768 ...38-

431 892 562 963 pereum
579 882 670 956 fetus.
713 873 809 951 Quod
830 879 1001 962 quominus
1021 874 1094 956 fiat,
1114 872 1237 959 duplex
1259 892 1357 937 eausa
1379 870 1528 957 impedit.

434 982 548 1049 Altera
570 977 655 1065 quod
676 980 772 1043 Luar.
791 976 966 1064 particulas
982 986 1185 1057 usqueadeo,
1208 975 1470 1060 quotiescumque
1491 976 1527 1037 vi

433 1103 492 1147 sua
521 1080 770 1145 demonstrativa
797 1077 838 1142 ad
867 1076 1090 1142 antecedentia
1111 1087 1277 1163 spectant,
1308 1094 1436 1157 semper
1457 1093 1526 1137 non

432 1180 539 1247 solum
559 1180 652 1243 initio
674 1199 801 1257 versus,
818 1174 875 1243 sed
895 1180 991 1241 etiam
1009 1191 1140 1263 propter
1159 1177 1344 1261 graviorem
1366 1175 1443 1252 viro,
1461 1194 1528 1259 qua

434 1298 517 1367 quae
542 1276 639 1343 modo
669 1290 914 1364 praecesserunt
938 1278 1154 1362 restringunt,
1189 1274 1285 1341 simul
1305 1275 1400 1339 initio
1422 1294 1528 1339 enun-

434 1381 509 1446 oiati
529 1380 653 1463 posuit3
676 1376 943 1465 quemadmodum
959 1378 992 1455 3,
1012 1378 1086 1445 622.
1106 1389 1276 1463 postquam
1288 1374 1397 1439 doouit
1411 1376 1528 1455 auique

434 1480 575 1546 hominia
594 1481 679 1563 parti
703 1492 823 1545 eertum
843 1476 969 1558 locum,
1002 1476 1058 1541 ubi
1076 1490 1239 1553 nascatur,
1259 1474 1422 1540 redditum
1436 1497 1527 1559 esse,

433 1580 556 1668 pergit:
581 1584 686 1658 Uaprte
705 1588 782 1643 adeo
802 1586 942 1658 requitur
963 1600 1015 1642 rer
1036 1600 1120 1659 rem,
1144 1591 1177 1642 et
1194 1577 1267 1662 pari
1288 1575 1384 1641 modo
1406 1576 1524 1654 1,498.

433 1676 504 1748 965.
531 1679 620 1745 1005.
640 1680 674 1757 2,
693 1678 757 1746 366
787 1681 819 1757 3,
840 1679 916 1748 255.
934 1678 1009 1746 392.
1029 1680 1105 1758 522,
1125 1675 1158 1757 4,
1180 1678 1252 1745 173.
1265 1676 1527 1747 3999851115.

434 1782 468 1859 5,
486 1773 557 1847 516.
579 1780 672 1847 1232.
694 1780 727 1857 6,
746 1779 820 1847 235.
839 1773 911 1846 754.
934 1780 1007 1847 917.
1028 1780 1101 1847 932.
1126 1772 1219 1847 1046.
1264 1775 1337 1853 Quo
1356 1781 1426 1861 jam
1444 1776 1527 1841 aite-

434 1902 505 1946 rum
524 1878 606 1945 iilud
628 1878 768 1955 aceedit,
791 1879 876 1965 quod
899 1877 1030 1945 verbum
1045 1894 1178 1960 pereunt
1195 1881 1359 1965 praesenti
1379 1891 1526 1963 tempore

435 1983 468 2044 in
489 1980 575 2044 hune
604 1978 710 2046 iocum
733 2000 797 2044 non
827 1984 993 2065 aptissime
1017 1980 1171 2067 quadrat3
1206 1980 1292 2066 quod
1317 1978 1403 2043 idem
1424 1977 1525 2058 velat,

435 2082 465 2145 si
483 2078 583 2144 verba
606 2086 710 2160 Usque
728 2090 944 2155 odeupereuat
958 2086 1043 2158 fetus
1062 2104 1122 2167 per
1141 2104 1178 2145 se
1198 2091 1390 2165 spectantur.
1415 2080 1528 2164 Signi-

434 2179 534 2246 ficant
554 2200 610 2246 ea:
630 2200 730 2265 usque
750 2178 831 2245 adeo
853 2195 1056 2247 mareesount
1077 2184 1146 2246 sive
1162 2191 1407 2265 corrumpuntur
1426 2180 1526 2243 fetus.

434 2278 544 2345 Atax
565 2280 690 2365 magnis
709 2276 775 2344 iliis
797 2278 980 2360 laboribus,
1003 2276 1120 2367 ‘quibos
1141 2304 1225 2347 nuno
1244 2280 1331 2345 idem
1352 2279 1525 2366 agerooli·

435 2394 502 2458 tur,
526 2382 581 2467 qui
601 2378 679 2444 olim
701 2400 760 2447 sua
781 2397 895 2467 sponte
916 2382 1039 2446 fruetus
1059 2381 1262 2467 proferabat,
1283 2401 1350 2443 non
1372 2395 1437 2443 tam
1453 2379 1525 2444 eol·

434 2477 567 2562 ligitur,
598 2480 721 2543 fruetus
749 2480 906 2564 paulatim
933 2485 1061 2566 pejores
1088 2482 1178 2559 fieri,
1212 2502 1307 2565 quam
1332 2483 1442 2565 potius
1463 2503 1525 2546 eos

430 2582 501 2669 jam
528 2576 628 2643 multo
648 2581 777 2664 pejores
802 2580 907 2647 fartos
927 2603 1000 2646 esse
1021 2604 1115 2667 quam
1143 2594 1255 2655 antea3
1287 2592 1323 2644 ut
1344 2581 1524 2666 perfectum

435 2692 521 2743 uerte
544 2690 669 2763 tempus
690 2694 862 2764 exspectes
887 2681 950 2747 hoa
977 2682 1045 2748 iere
1064 2680 1180 2747 modo:
1219 2686 1324 2761 Usque
1342 2692 1420 2745 odeo
1436 2684 1525 2758 fetare

430 2791 553 2860 periero
570 2795 740 2863 rupemque
759 2791 871 2848 labora.
903 2782 947 2849 At
965 2805 1006 2848 ne
1026 2783 1096 2849 boe.
1112 2780 1241 2869 quidem
1261 2792 1359 2866 poeta
1377 2783 1412 2845 in
1430 2796 1525 2850 ante·

433 2879 621 2947 audentibus
643 2881 745 2961 dixit,
766 2883 852 2948 fetus
870 2885 960 2969 ipsos
977 2883 1132 2969 paulatim
1153 2895 1324 2970 eorraptos
1343 2903 1436 2961 esse,
1460 2884 1523 2949 sed

431 2984 540 3069 potius
559 3001 655 3068 agros
676 2982 841 3068 parciores
862 2983 965 3049 iactos
985 3005 1059 3050 esse
1078 2987 1112 3048 in
1133 2980 1284 3066 frugibus
1304 2982 1523 3066 procreandis.

433 3079 521 3146 Vide
542 3082 660 3166 igitur,
694 3082 963 3168 quemadmodum
982 3083 1025 3151 ab
1048 3081 1228 3150 editoribus
1247 3080 1444 3164 indidemne,
1465 3084 1522 3170 qui

434 3178 516 3246 illud
533 3197 665 3261 pereunt
692 3205 736 3248 ex
759 3181 839 3250 solis
858 3181 938 3250 Brit.
955 3183 988 3249 2.
1010 3183 1107 3248 Poor.
1130 3195 1164 3246 et
1183 3181 1375 3269 quibusdam
1394 3184 1446 3249 Pii
1466 3207 1523 3250 oo·

435 3277 778 3367 dioibnsreeeperuut;
800 3305 874 3349 nam
886 3282 1173 3350 vindobonensem
1194 3295 1229 3346 et
1238 3285 1355 3368 fragm.
1367 3285 1462 3353 Vind
1474 3287 1522 3350 ita

432 3376 543 3466 legere
566 3401 611 3446 ex
627 3381 730 3447 Alteri
749 3383 878 3449 silentio
900 3383 1095 3450 oonoladere
1113 3402 1178 3446 non
1193 3379 1361 3450 debebant.
1404 3385 1516 3471 bugd.

1590 596 1598 698 i

434 3480 463 3546 1.
484 3481 517 3546 2.
537 3477 628 3548 Rodi.
652 3482 704 3547 ed.
726 3481 816 3548 Brix.
836 3499 985 3564 paremur,
1007 3483 1095 3548 unde
1115 3483 1149 3546 in
1172 3481 1306 3569 reliquis
1327 3495 1525 3566 autpertum
1596 3482 1597 3485 '

433 3590 488 3643 aut
504 3595 638 3658 pureum
657 3582 775 3648 iactum
795 3597 854 3650 est.
875 3580 967 3649 Nihil
984 3597 1094 3650 autem
1114 3583 1222 3646 verius
1242 3585 1407 3665 existimo,
1426 3607 1522 3670 qnam

432 3676 516 3742 iilud
532 3694 680 3761 pareunt,
703 3683 789 3771 quod
808 3706 906 3770 quum
926 3685 956 3749 b.
979 3684 1005 3755 1.
1022 3696 1136 3750 eontra
1144 3681 1313 3768 vulgarem
1334 3704 1426 3748 urum
1446 3707 1524 3752 oum

431 3779 612 3846 accusativo
623 3784 770 3866 juratum
791 3786 844 3862 sit,
864 3781 1007 3851 librariis
1028 3805 1126 3850 ceum
1146 3784 1330 3869 corrigandi
1344 3784 1414 3850 init.
1435 3789 1523 3850 Areo

428 3881 514 3953 fetus
531 3897 665 3958 pararat
693 3898 764 3951 estt
802 3906 899 3971 parce
927 3887 1029 3949 edunt
1057 3884 1163 3964 fetus,
1195 3907 1259 3970 qua
1284 3883 1521 3970 significatione
1596 3950 1597 3957 ,

430 3979 583 4065 parcendi
604 3985 737 4053 verbum
759 3986 876 4052 eodem
896 3984 995 4055 modo
1012 3990 1161 4072 junctum
1182 3984 1302 4068 iegitur
1320 3985 1406 4068 apud
1417 3985 1520 4054 Plaut.
1596 4048 1597 4071 2

430 4077 523 4146 Cure.
544 4083 577 4162 3,
599 4085 652 4153 11.
673 4093 742 4151 Nisi
763 4109 832 4152 eam
858 4092 1076 4169 (pecuniane)
1104 4098 1225 4151 marm
1242 4091 1364 4166 partt't,
1397 4100 1520 4151 mature
1596 4080 1597 4121 ³

427 4190 531 4247 esurit.
574 4183 625 4253 ct.
645 4183 773 4251 Nonius
796 4209 827 4270 p.
845 4190 920 4272 370,
939 4189 993 4256 26.
1014 4195 1159 4261 Parcere,
1180 4201 1316 4248 terrore.
1343 4184 1442 4272 Verg.
1462 4185 1519 4255 lib.

427 4276 470 4346 X.
491 4281 595 4368 (531.)
620 4291 746 4362 Arrana
772 4299 864 4363 utque
891 4297 964 4348 auti
989 4303 1142 4348 memoras
1170 4303 1252 4362 quae
1274 4293 1372 4350 multo
1391 4295 1518 4368 talenta,

427 4388 517 4448 Natis
542 4404 640 4465 poree
657 4393 727 4446 tais.
771 4379 877 4448 Lucil.
903 4383 957 4447 lib.
980 4379 1082 4446 xvll
1113 4388 1252 4448 Pereunt
1276 4394 1323 4449 tur·
1341 4390 1448 4463 moJ‘us
1468 4400 1520 4452 cut

424 4490 545 4558 pronciat
548 4528 562 4562 ,
597 4488 649 4546 oui
672 4486 763 4561 fidem
796 4507 863 4550 esse
891 4489 1073 4550 ornament.
1128 4480 1216 4554 Geli.
1246 4485 1299 4563 16,
1338 4484 1389 4552 10.
1426 4487 1518 4552 uuam
