3567 5550
842 670 1097 744 ..4ss-

421 850 625 941 Numquam
647 850 781 917 eoueedi
812 851 945 934 debeat,
983 850 1066 916 nibil
1089 850 1171 928 alias
1194 872 1239 915 ex
1262 865 1298 915 se
1320 871 1513 936 resurgere

420 968 455 1023 et
475 954 562 1021 alere
581 974 694 1041 posse,
726 956 789 1019 nisi
809 954 892 1039 quod
916 956 948 1017 iu
970 964 1079 1038 partes
1098 973 1175 1016 suas
1194 972 1230 1015 se
1252 951 1421 1030 dissoivat,
1442 974 1515 1017 eas-

420 1076 482 1143 que
502 1055 676 1121 distribuat
695 1076 753 1140 per
776 1075 844 1118 rem
858 1052 1056 1137 augendam
1079 1052 1283 1117 ruanifesturn
1296 1067 1346 1117 est
1365 1054 1416 1117 bic
1434 1076 1514 1138 quo·

421 1177 483 1243 qua
501 1164 629 1220 adraim
649 1154 851 1221 scribendum
871 1174 954 1231 esse,
976 1154 1062 1240 quod
1078 1154 1184 1240 Lugd.
1197 1156 1224 1219 1.
1235 1154 1265 1218 2.
1284 1153 1381 1217 Viud.
1391 1152 1470 1217 Bria
1481 1156 1512 1219 2.
1578 1155 1580 1186 ¹

420 1252 588 1321 exhibent.
620 1255 701 1321 Aliis
723 1257 755 1317 in
776 1254 856 1320 loeis
874 1255 1006 1321 Lueret.
1025 1255 1124 1319 verbo
1144 1264 1333 1319 obmittamus·
1354 1277 1420 1319 oon
1433 1276 1514 1319 usus

420 1368 478 1422 est.
509 1364 654 1419 Demiror·
672 1369 785 1419 eontra
803 1357 835 1432 1,
857 1356 930 1422 610.
951 1355 1140 1440 legendum,
1165 1355 1219 1419 ubi
1240 1354 1277 1418 bi
1291 1378 1404 1421 versus
1419 1368 1511 1421 sunt:

534 1460 629 1521 'Sunt
648 1468 741 1533 &quur
760 1465 860 1521 solido
877 1465 1049 1535 primordio
1069 1467 1272 1536 simplicitate,

549 1564 637 1632 Quae
655 1566 798 1621 minorare
817 1566 933 1636 stipata
953 1565 1118 1621 eoboerooc
1130 1565 1275 1636 portibus
1296 1572 1389 1637 arcto,

548 1666 618 1722 Non
638 1666 818 1722 oscillorum
837 1672 985 1722 conventu
1004 1668 1174 1738 conciliato,

541 1767 610 1824 ,seo
629 1770 726 1838 moqr'a
747 1772 875 1823 aeterno
892 1767 1268 1839 pollentiaur‘mplioitote:

553 1866 640 1926 Uada
655 1881 760 1939 voeque
780 1868 871 1922 avello·
890 1868 1077 1941 quidquam,
1104 1883 1204 1941 memte
1223 1865 1357 1924 demr'mti
1371 1861 1445 1934 jam

547 1968 689 2025 Concedit
707 1972 837 2040 maturo,
860 1964 1025 2024 resumens
1045 1970 1165 2025 saraiae
1184 1970 1284 2024 robor.

417 2071 546 2128 Illorum
568 2058 654 2145 quod
676 2080 722 2123 ex
745 2057 893 2125 omuibus
915 2074 1043 2146 praeter
1063 2084 1162 2127 unum
1186 2059 1265 2125 Brit.
1289 2063 1323 2122 2.
1341 2058 1435 2124 libris
1456 2080 1512 2122 re·

419 2164 527 2240 stitui,
563 2170 685 2247 spectat
712 2159 754 2224 ad
775 2160 935 2225 minumae
956 2176 1083 2245 partae,
1115 2184 1160 2228 ex
1183 2159 1296 2247 quibus
1316 2159 1412 2223 atomi
1433 2159 1513 2221 sive

418 2263 595 2351 primordia
623 2282 669 2325 ex
692 2274 823 2324 aeterno
852 2274 997 2347 tempore
1016 2264 1135 2348 stipata
1157 2263 1348 2335 cohaeream
1382 2260 1511 2345 deque

418 2367 527 2451 syneri
554 2360 707 2429 Lu'uratio
734 2362 814 2425 satis
843 2363 962 2428 usitata
991 2361 1056 2427 aiio
1083 2376 1227 2447 tempore
1257 2386 1276 2426 a
1298 2360 1508 2425 mediantur.

418 2466 481 2531 His
504 2464 546 2527 de
560 2458 745 2548 primordiis
764 2463 792 2524 si
804 2458 1016 2526 affirmaretur
1037 2484 1211 2547 numquam
1226 2461 1397 2545 quidquam
1410 2460 1509 2527 avelli

419 2578 475 2630 aut
496 2562 645 2641 diminui,
668 2560 730 2624 boc
752 2558 970 2645 significaret:
1003 2562 1108 2627 nulius
1124 2560 1199 2625 inde
1219 2574 1329 2645 parter
1348 2562 1453 2645 abripi
1474 2574 1510 2625 et

418 2666 577 2751 dispergi3
605 2660 727 2746 dequo
750 2660 802 2724 hio
823 2672 911 2725 uerte
932 2680 998 2725 non
1021 2666 1137 2748 agitur.
1178 2661 1245 2726 Sed
1266 2676 1362 2747 poeta
1383 2662 1510 2746 simpli·

418 2768 498 2830 eiter
517 2762 596 2829 nibil
618 2783 768 2848 umquam
789 2764 835 2826 ait
855 2760 982 2828 abillis
1003 2764 1188 2849 primordiis
1205 2764 1301 2829 avelli
1322 2784 1435 2847 posse,
1470 2777 1511 2828 ut

418 2889 459 2932 ea
486 2869 611 2931 ratione
637 2881 772 2945 corpore
807 2863 999 2927 minuantur.
1044 2865 1192 2946 Aooedit,
1227 2865 1312 2952 quod
1337 2873 1509 2928 diminuere

418 2964 517 3031 simili
539 2961 655 3039 modo,
675 2974 711 3024 ut
731 2969 902 3026 discredere
920 2965 1006 3047 apud
1023 2965 1223 3046 Lucretium,
1245 2987 1401 3051 nusquam
1419 2964 1507 3051 apud

419 3066 611 3150 scriptores,
645 3073 796 3145 quantum
817 3063 903 3142 seio,
933 3063 1040 3130 locum
1062 3066 1247 3151 adjunctum
1266 3065 1382 3146 babet,
1417 3065 1506 3130 unde

417 3161 539 3250 aliquid
560 3161 782 3247 dispergatur,
819 3164 1087 3248 quemadmodum
1110 3169 1162 3230 bio
1181 3166 1295 3243 fieret3
1331 3175 1508 3230 demonum

417 3277 530 3330 eontra
550 3265 679 3347 saepius
710 3261 804 3347 piane
834 3264 948 3328 eadem
974 3268 1098 3330 ratione
1129 3278 1166 3328 ut
1201 3266 1233 3328 in
1256 3266 1398 3330 Lucretii
1430 3266 1505 3332 loeo

412 3366 571 3449 jungitur.
601 3360 693 3428 Caes.
720 3361 750 3426 b.
771 3362 809 3424 G.
830 3363 865 3442 8,
879 3363 933 3432 33.
952 3387 991 3428 oe
1010 3375 1085 3446 quiri
1103 3374 1142 3428 de
1154 3369 1234 3443 jore
1253 3380 1309 3429 auo
1329 3377 1368 3435 de
1387 3375 1506 3445 lepidus

416 3485 522 3528 eorum
538 3473 733 3528 deminuisse.
747 3473 911 3530 uideretur.
943 3466 1010 3532 Cia
1030 3466 1142 3531 Plano.
1164 3467 1214 3529 38.
1251 3473 1288 3528 Si
1300 3476 1371 3546 quir
1390 3475 1507 3529 ideireo

414 3573 531 3644 aliquid
546 3575 590 3626 do
610 3573 747 3626 libertate
773 3585 842 3627 meo
870 3573 1059 3630 dominum
1082 3581 1180 3646 putot.
1210 3568 1283 3631 Liv.
1304 3568 1337 3643 2,
1359 3568 1387 3630 1.
1408 3587 1505 3644 quam
1550 3636 1554 3642 Δ

414 3671 496 3743 quod
515 3672 701 3726 deminutam
715 3673 881 3742 quidquam
899 3675 942 3728 ait
960 3687 1005 3728 oro
1025 3689 1112 3745 repro
1121 3681 1277 3746 potestate.
1308 3663 1416 3738 Quare
1433 3685 1504 3730 uon

415 3763 491 3826 iicet
512 3761 552 3826 de
572 3763 710 3826 lectione
731 3772 906 3826 elambuere
923 3763 1083 3846 dubitare,
1103 3779 1280 3832 sustentata
1300 3768 1398 3829 etiam
1417 3766 1508 3830 auti-

416 3862 570 3946 quissiroo
599 3863 669 3928 ood.
694 3862 783 3928 Gort.
802 3875 836 3927 et
854 3863 1006 3928 Lambini
1027 3864 1225 3931 Memmiaao
1247 3881 1280 3930 et
1302 3864 1502 3945 bertiniano,

416 3959 471 4046 qui
501 3957 576 4023 libri
605 3985 759 4050 persaepe
781 3985 854 4029 eum
875 3963 1153 4048 hugduneusibus
1176 3965 1307 4030 easdem
1330 3967 1504 4031 varietates

415 4072 631 4126 servaremur.
671 4063 886 4151 Havereampi
908 4067 995 4130 euim
1017 4078 1095 4132 nota
1113 4069 1223 4131 oriuca
1251 4084 1344 4141 „aaa
1365 4064 1505 4130 dianium

415 4173 480 4229 tam
502 4161 544 4227 X.
565 4157 603 4229 Y.
623 4161 663 4229 Ζ.
683 4165 743 4228 sed
764 4173 868 4232 eorr.“
896 4167 1055 4230 insertum
1078 4164 1249 4247 relinquit,
1283 4176 1389 4231 utrum
1410 4166 1506 4230 iniis

416 4263 519 4330 solum
537 4279 615 4347 tom,
638 4285 680 4330 au
701 4273 829 4328 dinume&
849 4287 976 4353 quoque
998 4278 1175 4328 correctum
1196 4266 1248 4330 sit.
