3567 5550
359 1498 409 1567 De
434 1500 579 1567 Lucretii
614 1502 764 1566 carminis
788 1498 991 1583 conditione,
1026 1501 1121 1591 quale
1143 1527 1229 1572 nnnc
1248 1528 1362 1574 reeen-

270 1604 389 1671 tiorum
411 1604 571 1667 editorum
583 1623 683 1686 opera
700 1614 820 1683 exstet,
843 1626 936 1669 nemo
952 1617 1063 1670 nostro
1077 1617 1222 1691 ternpore
1238 1611 1363 1673 rectius

185 1742 189 1751 ·
263 1704 446 1789 judicavit,
476 1725 569 1788 quem
588 1701 726 1766 loannes
750 1700 905 1767 Nicolaus
924 1703 1129 1788 Madvigius,
1148 1710 1198 1771 vir
1216 1729 1362 1772 summae

269 1806 464 1869 eruditionis
476 1804 661 1889 ingeniique
679 1802 905 1886 sagacissimi}
913 1806 948 1867 in
962 1803 1075 1869 libello
1082 1803 1268 1870 academico
1286 1807 1364 1871 anni

271 1906 366 1973 1832.
408 1914 446 1968 rte
467 1913 585 1984 aliquot
613 1910 732 1964 lacunis
754 1912 890 1967 codicum
911 1912 1048 1968 suerent
1078 1906 1245 1991 inscripto,
1268 1923 1363 1991 quent

268 2009 363 2093 prius
382 2005 529 2069 volumen
543 2000 780 2089 opusculorum
794 2005 1061 2070 Academicorum
1081 2006 1253 2091 repetitum
1266 2004 1363 2070 exhi·

269 2105 338 2169 bet.
359 2104 443 2169 Dixi
455 2103 495 2167 de
510 2125 550 2167 eo
568 2103 714 2189 quamvis
728 2125 825 2180 parvo
844 2116 878 2167 at
893 2107 1002 2191 magni
1022 2108 1174 2171 monenti
1196 2102 1311 2170 libello
1326 2104 1362 2169 in

270 2206 457 2290 scriptione,
480 2226 561 2289 quae
580 2216 655 2267 ente
677 2204 737 2267 hos
759 2205 840 2269 duos
859 2206 927 2270 fere
948 2229 1050 2272 annos
1071 2228 1092 2270 a
1113 2226 1164 2269 mc
1183 2206 1362 2291 composita

271 2326 350 2368 casu
374 2305 513 2380 delituit,
533 2305 584 2365 his
608 2316 712 2367 autem
734 2307 812 2389 ipsis
832 2304 947 2368 diebus
968 2319 1024 2367 aut
1045 2307 1215 2389 proditura
1235 2320 1362 2370 estant

184 2443 192 2463 .
220 2439 230 2460 ·.
271 2405 393 2493 prodiit
427 2408 497 2489 jam
533 2405 567 2465 in
599 2400 735 2487 Bergkii
764 2417 797 2468 et
826 2402 978 2467 Caesaris
1009 2405 1130 2467 diurnis
1163 2406 1360 2489 antiquariis.

272 2502 382 2577 Quare
404 2525 485 2588 quae
506 2502 550 2567 ibi
571 2500 639 2587 legi
661 2516 813 2588 poterunt
831 2501 872 2565 de
887 2502 1046 2567 editorum
1068 2505 1193 2567 meritis
1210 2517 1266 2568 aut
1284 2526 1361 2589 pee-

271 2609 361 2687 catis,
383 2622 416 2671 et
437 2624 517 2690 quos
540 2604 667 2667 codices
689 2606 781 2689 sequi
800 2624 881 2687 quos
901 2623 1054 2688 spernere
1070 2601 1254 2683 debeamus,
1275 2626 1361 2671 nunc

272 2706 337 2774 non
359 2721 516 2794 repetam,
538 2705 650 2791 paucis
673 2715 796 2766 tentum
819 2702 1125 2786 comprehensurus,
1146 2726 1228 2790 qnae
1250 2706 1283 2768 ei
1304 2707 1361 2790 qni

272 2813 305 2873 in
314 2807 482 2874 tractando
492 2805 646 2870 Lucretio
656 2824 835 2887 operamne
848 2800 989 2864 studium
1004 2803 1148 2884 posuerit
1160 2801 1359 2884 observanda

271 2915 345 2988 sint,
366 2911 395 2974 si
417 2928 555 2982 errores,
575 2903 689 2990 quibus
703 2902 901 2966 recentiores
916 2901 1108 2986 interpretes
1130 2905 1235 2986 magis
1251 2925 1358 2988 paene

272 3035 366 3101 quam
387 3011 511 3094 priores
533 3005 679 3068 obstricti
699 3016 862 3075 tenentur,
893 3002 996 3064 vitare
1013 2999 1100 3064 velit
1143 3004 1229 3066 Ante
1248 3006 1358 3068 omnia

271 3109 494 3177 totahncretii
516 3119 548 3169 et
570 3105 702 3169 omnino
710 3104 839 3188 Epicuri
861 3101 1006 3196 doctrina
1020 3101 1160 3167 tenenda
1182 3117 1233 3168 est
1246 3108 1355 3170 animo

271 3230 304 3279 et
322 3205 602 3275 attendendnmad
622 3218 742 3268 rectum
761 3205 993 3269 sententiarum
1013 3210 1095 3268 inter
1117 3225 1153 3268 se
1176 3224 1298 3269 nexum
1319 3219 1354 3270 et

272 3312 545 3382 consecutionem
580 3303 840 3391 quodquoniam
866 3325 1106 3389 saepenumero
1126 3303 1354 3388 neglexerunt,

272 3438 334 3480 non
355 3431 526 3496 numquam
548 3406 744 3482 factumest,
765 3418 801 3468 ut
822 3417 878 3468 aut
896 3407 1016 3470 vitiosa
1029 3416 1179 3490 putarent
1199 3415 1233 3468 et
1253 3405 1353 3471 corri-

272 3531 399 3602 gerent,
438 3531 520 3595 quae
542 3510 668 3590 integra
688 3517 763 3568 snut
783 3527 821 3568 ac
842 3504 946 3570 libera
965 3505 1006 3568 ab
1027 3507 1115 3569 omni
1136 3506 1353 3588 corruptione,

272 3633 325 3686 aut
352 3627 464 3680 contra
496 3628 577 3692 quae
599 3626 635 3668 re
657 3626 734 3667 vera
753 3606 866 3667 insunt
886 3605 966 3668 vitia
985 3602 1080 3690 plane
1103 3625 1169 3668 nou
1188 3605 1354 3680 sentirent,

272 3733 325 3785 aut
345 3716 498 3799 denique,
522 3705 649 3772 etiamsi
670 3705 844 3780 sentirent,
868 3703 1039 3789 emendare
1060 3720 1169 3770 tamen
1191 3723 1256 3765 non
1277 3695 1352 3786 pos-

272 3833 349 3886 sent.
391 3810 520 3879 Deinde
539 3805 639 3873 multo
661 3809 784 3891 maJ'ore
806 3827 900 3892 quam
920 3821 1005 3869 nunc
1019 3804 1164 3870 fecerunt
1184 3799 1353 3887 diligentia

271 3913 493 4004 inquirendum
514 3925 564 3973 est
584 3917 617 3972 in
638 3908 784 3973 Lucretii
806 3928 929 3972 morem
950 3903 1091 3982 dicendi,
1113 3903 1148 3965 in
1168 3923 1268 3968 voces
1282 3906 1352 3989 qni-

270 4019 330 4084 bus
349 4037 426 4080 usus
446 4015 489 4076 sit
507 4025 563 4074 aut
584 4030 648 4073 non
669 4009 727 4085 sit,
748 4010 781 4070 in
805 4029 913 4071 earnm
933 4006 1058 4067 formas
1080 4016 1177 4086 atque
1196 4003 1350 4077 rationes,

271 4122 422 4183 inertem
444 4135 505 4198 qua
527 4131 642 4176 versus
668 4108 905 4191 composuerit;
948 4125 1029 4188 qnae
1049 4104 1157 4167 omnia
1176 4102 1259 4166 bene
1278 4121 1352 4184 pcr-

271 4229 391 4304 rpecte‚
412 4213 553 4299 quamvis
573 4209 683 4276 inultis
702 4206 821 4294 pusilla
842 4221 914 4270 esso
931 4200 1118 4280 videantur,
1140 4201 1351 4266 certissimam

271 4332 371 4382 umen
389 4310 620 4396 interpretandi
639 4322 735 4395 atquo
754 4303 948 4373 emendandi
968 4304 1053 4368 viam
1066 4298 1236 4368 ostendere
1248 4301 1349 4364 nemi·

272 4438 341 4483 nem
360 4414 549 4501 peritiorem
569 4410 666 4496 fugit,
687 4408 863 4495 eademque
882 4407 918 4471 in
937 4402 1091 4469 Lucretio
1112 4420 1216 4486 paene
1229 4401 1349 4466 intacta

415 4537 419 4546 ·
707 4515 709 4521 ’
1121 4509 1137 4564 1
