3567 5550
856 656 1080 725 „2-

423 836 537 903 relicta
558 850 642 905 sunt.
686 836 862 900 Plurimum
884 848 991 901 autem
1010 847 1127 919 poetae
1148 834 1268 911 nocuit,
1290 840 1374 918 quod
1391 835 1426 897 iu
1440 857 1518 899 ver·

425 938 478 1003 bis
499 942 570 1023 ejus
592 936 826 1001 constituendis
840 956 906 1001 non
922 947 1042 1000 certam
1056 934 1215 997 rationem
1227 932 1407 998 babuerunt
1419 957 1519 1021 prac-

425 1038 693 1103 stantissimorum
715 1037 880 1114 codicum,
924 1038 981 1099 sed
1007 1056 1053 1098 ex
1074 1034 1207 1098 arbitrio
1230 1036 1258 1097 si
1280 1038 1364 1099 forte
1383 1034 1519 1119 placuit,

426 1140 521 1203 etiam
542 1138 720 1201 deteriores
740 1137 843 1202 libros
866 1138 966 1200 secuti
989 1146 1075 1213 sunt,
1097 1136 1151 1218 qui
1174 1136 1278 1198 omnis
1296 1138 1424 1219 generis
1444 1157 1520 1200 cor·

427 1238 580 1322 ruptione
603 1249 736 1305 scatent.
777 1235 883 1301 Atali
903 1235 1056 1311 arbitrio,
1094 1235 1148 1320 qui
1169 1237 1344 1317 genuinum
1369 1234 1518 1301 Lucretii

424 1358 506 1422 opus
522 1338 692 1401 restituere
713 1350 860 1413 conatur,
881 1336 1041 1399 abstinere
1063 1333 1160 1397 debet
1174 1349 1214 1412 et,
1234 1350 1386 1419 quantum
1398 1348 1518 1420 potest,

424 1436 533 1502 redire
565 1434 606 1499 ad
637 1450 756 1503 certam
786 1459 824 1500 ac
849 1434 1025 1519 simplicem
1049 1436 1344 1520 antiquissimorum
1366 1435 1516 1502 codicum

425 1557 585 1601 normam:
608 1537 693 1620 quod
708 1558 786 1601 sane
805 1558 870 1599 non
893 1535 1040 1600 omnibus
1052 1535 1134 1598 locis
1146 1532 1343 1619 potestfieri,
1364 1539 1515 1622 quoniam

426 1637 460 1701 bi
472 1656 597 1723 quoquc
614 1634 689 1699 libri
702 1658 764 1700 non
779 1657 951 1719 numquam
965 1636 1103 1719 corrupti
1121 1647 1154 1697 et
1175 1632 1315 1697 mutilati
1335 1649 1418 1700 sunt.
1452 1640 1517 1702 lta·

425 1760 487 1823 que
509 1735 627 1801 talibus
646 1740 678 1799 in
689 1736 769 1800 locis
782 1758 877 1821 quum
891 1736 1075 1818 conjectura
1087 1755 1168 1818 opus
1181 1736 1235 1809 sit,
1248 1749 1334 1799 certe
1348 1758 1413 1801 nou
1425 1752 1518 1804 tanta

424 1838 557 1903 licentia
577 1852 607 1901 et
631 1838 722 1921 quasi
743 1834 879 1899 libidine
901 1835 1104 1915 evagandum
1124 1849 1174 1899 est
1196 1855 1254 1897 nec
1276 1840 1407 1920 quaevis
1426 1838 1518 1904 codi-

426 1960 497 2001 cum
511 1934 609 2001 lectio
621 1938 690 2021 pari
702 1937 807 2020 pretio
822 1936 1041 2000 existimanda
1054 1937 1087 1999 iu
1099 1957 1161 2020 qua
1172 1938 1357 2018 conjectura
1368 1939 1426 2001 niti
1438 1960 1518 2023 pos·

425 2040 478 2114 sit,
493 2035 761 2123 quemadmodum
776 2037 963 2120 saepissime
979 2035 1099 2100 lartum
1110 2034 1270 2115 videmus3
1285 2036 1423 2101 sedtum
1437 2061 1518 2124 quo-

427 2159 489 2223 quc
508 2135 677 2201 meliorum
690 2148 812 2201 tantum
827 2124 973 2200 codicum
991 2149 1078 2200 arcte
1091 2136 1266 2223 premenda
1278 2149 1353 2200 sunt
1365 2140 1516 2223 vestigia,

427 2260 523 2325 quum
544 2236 613 2299 fere
635 2256 791 2322 nusquam
806 2238 876 2300 sine
898 2236 1026 2300 errandi
1044 2236 1187 2321 periculo
1210 2236 1405 2301 deserantur.
1449 2236 1516 2301 Ubi

428 2348 534 2401 autem
557 2335 598 2399 de
620 2334 751 2399 illorum
770 2336 910 2400 lectione
932 2358 996 2400 non
1020 2339 1099 2401 satis
1120 2350 1259 2414 constat,
1281 2338 1366 2421 quod
1388 2339 1517 2423 saepius
1587 2345 1593 2425 j

427 2434 561 2510 accidit,
588 2434 774 2520 plerumque
796 2438 899 2498 satius
921 2441 983 2498 er't
1004 2440 1218 2500 accuratiores
1240 2436 1430 2502 co'latiunes
1454 2459 1517 2502 ex·
1543 2418 1604 2487 ’l

426 2548 572 2625 pectere,
606 2556 699 2620 quam
720 2537 913 2618 conjecturis
932 2534 1090 2597 faciendis
1118 2555 1248 2618 operam
1274 2535 1420 2620 perdere.
1463 2538 1517 2602 Ad
1546 2569 1549 2574 ·

427 2636 509 2701 haec
531 2637 610 2698 artis
632 2636 760 2699 criticae
780 2635 938 2723 principia
959 2654 1057 2720 quum
1076 2634 1109 2697 iu
1128 2634 1283 2699 Laertio
1305 2636 1517 2704 laborandum

429 2756 500 2802 esse
522 2756 687 2816 censeam,
727 2757 770 2800 ex
790 2736 861 2820 ipso
888 2733 975 2822 quod
990 2738 1061 2820 jam
1083 2734 1228 2801 editurus
1251 2757 1322 2801 sum
1342 2740 1517 2825 specimine

429 2837 576 2902 homines
598 2837 683 2901 docti
694 2836 857 2923 judicent,
878 2841 908 2902 si
930 2836 1007 2922 qnid
1025 2837 1148 2902 fructus
1168 2839 1245 2903 iude
1269 2841 1391 2924 percipi
1404 2840 1516 2927 possit

963 3101 987 3164 l.

516 3213 700 3281 Exordium
722 3220 870 3282 carminis
896 3223 1025 3304 insigne
1055 3232 1105 3284 cst
1126 3239 1196 3283 cum
1217 3230 1350 3303 propter
1365 3219 1518 3284 eximiam

433 3317 643 3402 suauitatem,
679 3339 741 3401 qua
761 3331 858 3402 poeta
885 3319 1043 3384 Venerem
1065 3321 1213 3392 invocat,
1234 3331 1270 3381 ut
1292 3318 1355 3382 sibi
1380 3321 1415 3382 in
1440 3321 1520 3385 scri·

431 3414 547 3480 bendis
567 3414 714 3482 versibus
737 3421 826 3483 socia
844 3421 904 3497 sit,
928 3434 995 3484 tum
1016 3435 1147 3506 propter
1166 3420 1321 3483 orationis
1341 3422 1405 3484 vim
1426 3433 1520 3507 atque

431 3520 637 3600 gravitatem,
660 3519 775 3603 quain
798 3521 1038 3604 superstitiosas
1059 3518 1238 3605 religiones
1258 3519 1422 3585 invehitur
1440 3519 1519 3608 Epi·

432 3618 500 3681 curi
522 3616 631 3680 divino
651 3621 783 3702 ingenio
804 3619 935 3684 tandem
953 3618 1106 3686 sublatas.
1150 3620 1296 3685 Alterum
1316 3619 1447 3684 allicere
1465 3621 1520 3686 de·

431 3715 529 3782 bebat
545 3715 751 3796 Memmium,
793 3721 844 3782 cui
865 3732 967 3784 totum
990 3728 1069 3805 opus
1089 3722 1275 3805 inscriptum
1295 3730 1361 3796 est,
1385 3718 1518 3786 altarum

432 3815 596 3881 deterrere
618 3831 753 3902 poterat.
799 3815 1002 3905 Quapropter
1029 3821 1138 3884 statim
1159 3817 1312 3904 exemplo
1333 3817 1520 3886 Aulidensis

434 3914 585 3981 sacrificii
605 3918 766 4000 ostendit,
788 3935 943 4005 quantum
959 3923 1029 4003 jam
1052 3918 1210 3985 malorum
1232 3918 1351 4006 religio
1373 3923 1519 3999 suaserit,

434 4014 592 4102 simulque
615 4019 774 4101 ostendit,
807 4021 938 4087 fabulae
962 4043 982 4084 a
1003 4019 1128 4086 vatibus
1150 4023 1299 4084 inventae
1321 4019 1435 4104 quibus
1455 4034 1520 4085 ter-

433 4115 561 4181 roribus
589 4116 728 4182 bumana
758 4134 888 4208 pectora
915 4143 1073 4207 occupare
1102 4120 1239 4186 soleant·
1283 4118 1356 4186 llsc
1386 4120 1520 4188 alterum

434 4218 481 4282 sic
503 4216 583 4284 dicit
601 4241 631 4286 v.
656 4218 730 4290 103.

601 4325 738 4386 nereum
757 4343 777 4384 o
795 4327 882 4383 notis
895 4325 969 4398 jam
989 4329 1095 4402 quovis
1116 4332 1251 4400 tempore
1269 4333 1375 4388 cotum

601 4425 786 4502 Tmrtmqms
806 4430 904 4486 victus
924 4429 1013 4486 dictis
1033 4430 1203 4488 desdsccrc
1222 4445 1371 4503 qrmcres:
